@ARTICLE{bib2,
       author = {{Khovritchev}, M. Yu. and {Kulikova}, A.~M.},
        title = "{{\ensuremath{\Delta}} {\ensuremath{\mu}} binaries among stars with large proper motions}",
      journal = {Astronomy Letters},
     keywords = {Galactic solar neighborhoods, stars with large proper motions, astrometric binaries, Astrophysics - Solar and Stellar Astrophysics},
         year = "2015",
        month = "Dec",
       volume = {41},
       number = {12},
        pages = {833-847},
          doi = {10.1134/S1063773715120063},
archivePrefix = {arXiv},
       eprint = {1604.08648},
 primaryClass = {astro-ph.SR},
       adsurl = {https://ui.adsabs.harvard.edu/abs/2015AstL...41..833K},
      adsnote = {Provided by the SAO/NASA Astrophysics Data System},
    language  = {english}
}

@ARTICLE{bib3,
       author = {{Khovrichev}, M. Yu. and {Kulikova}, A.~M. and {Sokov}, E.~N. and
         {Dyachenko}, V.~V. and {Rastegaev}, D.~A. and {Beskakotov}, A.~S. and
         {Balega}, Yu. Yu. and {Safonov}, B.~S. and {Dodin}, A.~V. and
         {Vozyakova}, O.~V.},
        title = "{Detection of the binarity of the star J1158+4239}",
      journal = {Astronomy Letters},
     keywords = {astrometry, binary stars, individual stars: J1158+4239 (GJ 3697), techniques: image processing, Astrophysics - Solar and Stellar Astrophysics},
         year = "2016",
        month = "Oct",
       volume = {42},
       number = {10},
        pages = {686-692},
          doi = {10.1134/S1063773716100054},
archivePrefix = {arXiv},
       eprint = {1612.01366},
 primaryClass = {astro-ph.SR},
       adsurl = {https://ui.adsabs.harvard.edu/abs/2016AstL...42..686K},
      adsnote = {Provided by the SAO/NASA Astrophysics Data System},
    language  = {english}
}

@ARTICLE{bib4,
       author = {{Khovrichev}, M. Yu. and {Apetyan}, A.~A. and {Roshchina}, E.~A. and
         {Izmailov}, I.~S. and {Bikulova}, D.~A. and {Ershova}, A.~P. and
         {Balyaev}, I.~A. and {Kulikova}, A.~M. and {Petyur}, V.~V. and
         {Shumilov}, A.~A. and {Os'kina}, K.~I. and {Maksimova}, L.~A.},
        title = "{Searching for Binary Systems Among Nearby Dwarfs Based on Pulkovo Observations and SDSS Data}",
      journal = {Astronomy Letters},
     keywords = {Galactic solar neighborhoods, stars with large proper motions, shapelet formalism, visual double stars, Gaia DR1},
         year = "2018",
        month = "Feb",
       volume = {44},
       number = {2},
        pages = {103-118},
          doi = {10.1134/S1063773718010024},
       adsurl = {https://ui.adsabs.harvard.edu/abs/2018AstL...44..103K},
      adsnote = {Provided by the SAO/NASA Astrophysics Data System},
    language  = {english}
}
