@ARTICLE{2015arXiv151101642K,
       author = {{Khovritchev}, M. Yu. and {Ershova}, A.~P. and {Balyaev}, I.~A. and
         {Bikulova}, D.~A. and {Izmailov}, I.~S. and {Roshchina}, E.~A. and
         {Petjur}, V.~V. and {Shumilov}, A.~A. and {Maksimova}, L.~A. and
         {Oskina}, K.~I. and {Apetyan}, A.~A. and {Kulikova}, A.~M.},
        title = "{Astrometric observations of outer Jovian satellites with the `Saturn' telescope. First results}",
      journal = {arXiv e-prints},
     keywords = {Astrophysics - Earth and Planetary Astrophysics, Astrophysics - Instrumentation and Methods for Astrophysics},
         year = "2015",
        month = "Nov",
          eid = {arXiv:1511.01642},
        pages = {arXiv:1511.01642},
archivePrefix = {arXiv},
       eprint = {1511.01642},
 primaryClass = {astro-ph.EP},
       adsurl = {https://ui.adsabs.harvard.edu/abs/2015arXiv151101642K},
      adsnote = {Provided by the SAO/NASA Astrophysics Data System},
     language = {english}
}
