@INPROCEEDINGS{2017ASPC..510..340K,
       author = {{Kulikova}, A.~M. and {Khovritchev}, M. Yu. and {Sokov}, E.~N. and
         {Dyachenko}, V.~V. and {Rastegaev}, D.~A. and {Beskakotov}, A.~S. and
         {Balega}, Yu. Yu. and {Safonov}, B.~S. and {Dodin}, A.~V. and
         {Vozyakova}, O.~V.},
        title = "{Determination of Low-Mass Star Multiplicity. Detection of Star J1158+4239 Binary Nature}",
    booktitle = {Stars: From Collapse to Collapse},
         year = "2017",
       editor = {{Balega}, Yu. Yu. and {Kudryavtsev}, D.~O. and {Romanyuk}, I.~I. and
         {Yakunin}, I.~A.},
       series = {Astronomical Society of the Pacific Conference Series},
       volume = {510},
        month = "Jun",
        pages = {340},
       adsurl = {https://ui.adsabs.harvard.edu/abs/2017ASPC..510..340K},
      adsnote = {Provided by the SAO/NASA Astrophysics Data System},
    language  = {english}
}