 @ARTICLE{2005AJ....129.1483L,
       author = {{L{\'e}pine}, S{\'e}bastien and {Shara}, Michael M.},
        title = "{A Catalog of Northern Stars with Annual Proper Motions Larger than 0.15'' (LSPM-NORTH Catalog)}",
      journal = {Astronomical Journal},
     keywords = {Astrometry, Galaxy: Solar Neighborhood, Stars: Kinematics, Stars: Population II, Surveys, Stars: White Dwarfs, Astrophysics},
         year = "2005",
        month = "Mar",
       volume = {129},
       number = {3},
        pages = {1483-1522},
          doi = {10.1086/427854},
archivePrefix = {arXiv},
       eprint = {astro-ph/0412070},
 primaryClass = {astro-ph},
       adsurl = {https://ui.adsabs.harvard.edu/abs/2005AJ....129.1483L},
      adsnote = {Provided by the SAO/NASA Astrophysics Data System},
    language  = {english}
      }

@ARTICLE{2015A&A...576A.113Z,
       author = {{{\v{Z}}enovien{\.{e}}}, R. and {Tautvai{\v{s}}ien{\.{e}}}, G. and
         {Nordstr{\"o}m}, B. and {Stonkut{\.{e}}}, E. and
         {Barisevi{\v{c}}ius}, G.},
        title = "{Stellar substructures in the solar neighbourhood . IV. Kinematic Group 1 in the Geneva-Copenhagen survey}",
      journal = {Astron.Astrophys},
     keywords = {stars: abundances, Galaxy: disk, Galaxy: formation, Galaxy: evolution, Astrophysics - Solar and Stellar Astrophysics},
         year = "2015",
        month = "Apr",
       volume = {576},
          eid = {A113},
        pages = {A113},
          doi = {10.1051/0004-6361/201425088},
archivePrefix = {arXiv},
       eprint = {1501.06401},
 primaryClass = {astro-ph.SR},
       adsurl = {https://ui.adsabs.harvard.edu/abs/2015A&A...576A.113Z},
      adsnote = {Provided by the SAO/NASA Astrophysics Data System},
    language  = {english}
      }

@ARTICLE{2015MNRAS.449.3479S,
       author = {{Sanders}, Jason L. and {Binney}, James},
        title = "{Extended distribution functions for our Galaxy}",
      journal = {MNRAS},
     keywords = {Galaxy: abundances, Galaxy: disc, Galaxy: evolution, Galaxy: kinematics and dynamics, solar neighbourhood, Astrophysics - Astrophysics of Galaxies},
         year = "2015",
        month = "Jun",
       volume = {449},
       number = {4},
        pages = {3479-3502},
          doi = {10.1093/mnras/stv578},
archivePrefix = {arXiv},
       eprint = {1501.02227},
 primaryClass = {astro-ph.GA},
       adsurl = {https://ui.adsabs.harvard.edu/abs/2015MNRAS.449.3479S},
      adsnote = {Provided by the SAO/NASA Astrophysics Data System},
    language  = {english}
      }

@ARTICLE{2016AJ....152..141B,
       author = {{Benedict}, G.~F. and {Henry}, T.~J. and {Franz}, O.~G. and
         {McArthur}, B.~E. and {Wasserman}, L.~H. and {Jao}, Wei-Chun and
         {Cargile}, P.~A. and {Dieterich}, S.~B. and {Bradley}, A.~J. and
         {Nelan}, E.~P. and {Whipple}, A.~L.},
        title = "{The Solar Neighborhood. XXXVII: The Mass-Luminosity Relation for Main-sequence M Dwarfs}",
      journal = {Astronomical Journal},
     keywords = {astrometry, binaries: close, stars: distances, stars: late-type, techniques: interferometric, techniques: radial velocities, Astrophysics - Solar and Stellar Astrophysics},
         year = "2016",
        month = "Nov",
       volume = {152},
       number = {5},
          eid = {141},
        pages = {141},
          doi = {10.3847/0004-6256/152/5/141},
archivePrefix = {arXiv},
       eprint = {1608.04775},
 primaryClass = {astro-ph.SR},
       adsurl = {https://ui.adsabs.harvard.edu/abs/2016AJ....152..141B},
      adsnote = {Provided by the SAO/NASA Astrophysics Data System},
    language  = {english}
}

@ARTICLE{2014MNRAS.437.2831Z,
       author = {{Zhou}, G. and {Bayliss}, D. and {Hartman}, J.~D. and
         {Bakos}, G. {\'A}. and {Penev}, K. and {Csubry}, Z. and {Tan}, T.~G. and
         {Jord{\'a}n}, A. and {Mancini}, L. and {Rabus}, M. and {Brahm}, R. and
         {Espinoza}, N. and {Mohler-Fischer}, M. and {Ciceri}, S. and {Suc}, V. and
         {Cs{\'a}k}, B. and {Henning}, T. and {Schmidt}, B.},
        title = "{The mass-radius relationship for very low mass stars: four new discoveries from the HATSouth Survey}",
      journal = {MNRAS},
     keywords = {binaries: eclipsing, stars: low-mass, Astrophysics - Solar and Stellar Astrophysics, Astrophysics - Earth and Planetary Astrophysics},
         year = "2014",
        month = "Jan",
       volume = {437},
       number = {3},
        pages = {2831-2844},
          doi = {10.1093/mnras/stt2100},
archivePrefix = {arXiv},
       eprint = {1310.7591},
 primaryClass = {astro-ph.SR},
       adsurl = {https://ui.adsabs.harvard.edu/abs/2014MNRAS.437.2831Z},
      adsnote = {Provided by the SAO/NASA Astrophysics Data System},
    language  = {english}
}

@ARTICLE{2013AN....334....4T,
       author = {{Torres}, G.},
        title = "{Fundamental properties of lower main-sequence stars}",
      journal = {Astronomische Nachrichten},
     keywords = {binaries: eclipsing, binaries: spectroscopic, stars: evolution, stars: late-type, starspots, Astrophysics - Solar and Stellar Astrophysics},
         year = "2013",
        month = "Feb",
       volume = {334},
       number = {1-2},
        pages = {4},
          doi = {10.1002/asna.201211743},
archivePrefix = {arXiv},
       eprint = {1209.1279},
 primaryClass = {astro-ph.SR},
       adsurl = {https://ui.adsabs.harvard.edu/abs/2013AN....334....4T},
      adsnote = {Provided by the SAO/NASA Astrophysics Data System},
    language  = {english}
}

@ARTICLE{2013ApJ...776...87S,
       author = {{Spada}, F. and {Demarque}, P. and {Kim}, Y. -C. and {Sills}, A.},
        title = "{The Radius Discrepancy in Low-mass Stars: Single versus Binaries}",
      journal = {Astrophysical Journal},
     keywords = {stars: activity, stars: atmospheres, stars: evolution, stars: interiors, stars: low-mass, Astrophysics - Solar and Stellar Astrophysics},
         year = "2013",
        month = "Oct",
       volume = {776},
       number = {2},
          eid = {87},
        pages = {87},
          doi = {10.1088/0004-637X/776/2/87},
archivePrefix = {arXiv},
       eprint = {1308.5558},
 primaryClass = {astro-ph.SR},
       adsurl = {https://ui.adsabs.harvard.edu/abs/2013ApJ...776...87S},
      adsnote = {Provided by the SAO/NASA Astrophysics Data System},
    language  = {english}
}

@ARTICLE{2016ApJ...823..102C,
       author = {{Choi}, Jieun and {Dotter}, Aaron and {Conroy}, Charlie and
         {Cantiello}, Matteo and {Paxton}, Bill and {Johnson}, Benjamin D.},
        title = "{Mesa Isochrones and Stellar Tracks (MIST). I. Solar-scaled Models}",
      journal = {Astrophysical Journal},
     keywords = {stars: evolution, stars: general, stars: interiors, Astrophysics - Solar and Stellar Astrophysics},
         year = "2016",
        month = "Jun",
       volume = {823},
       number = {2},
          eid = {102},
        pages = {102},
          doi = {10.3847/0004-637X/823/2/102},
archivePrefix = {arXiv},
       eprint = {1604.08592},
 primaryClass = {astro-ph.SR},
       adsurl = {https://ui.adsabs.harvard.edu/abs/2016ApJ...823..102C},
      adsnote = {Provided by the SAO/NASA Astrophysics Data System},
    language  = {english}
}

@ARTICLE{2012MNRAS.427..127B,
       author = {{Bressan}, Alessandro and {Marigo}, Paola and {Girardi}, L{\'e}o. and
         {Salasnich}, Bernardo and {Dal Cero}, Claudia and {Rubele}, Stefano and
         {Nanni}, Ambra},
        title = "{PARSEC: stellar tracks and isochrones with the PAdova and TRieste Stellar Evolution Code}",
      journal = {MNRAS},
     keywords = {stars: evolution, Hertzsprungâ€’Russell and colour magnitude diagrams, stars: interiors, stars: low-mass, Astrophysics - Solar and Stellar Astrophysics},
         year = "2012",
        month = "Nov",
       volume = {427},
       number = {1},
        pages = {127-145},
          doi = {10.1111/j.1365-2966.2012.21948.x},
archivePrefix = {arXiv},
       eprint = {1208.4498},
 primaryClass = {astro-ph.SR},
       adsurl = {https://ui.adsabs.harvard.edu/abs/2012MNRAS.427..127B},
      adsnote = {Provided by the SAO/NASA Astrophysics Data System},
    language  = {english}
}

@ARTICLE{2018MNRAS.479.5491E,
       author = {{Eker}, Z. and {Bak{\i}{\textcommabelow s}}, V. and {Bilir}, S. and
         {Soydugan}, F. and {Steer}, I. and {Soydugan}, E. and
         {Bak{\i}{\textcommabelow s}}, H. and
         {Ali{\c{c}}avu{\textcommabelow s}}, F. and {Aslan}, G. and {Alpsoy}, M.},
        title = "{Interrelated main-sequence mass-luminosity, mass-radius, and mass-effective temperature relations}",
      journal = {MNRAS},
     keywords = {catalogues, binaries: eclipsing, binaries: spectroscopic, stars: fundamental parameters, Astrophysics - Solar and Stellar Astrophysics},
         year = "2018",
        month = "Oct",
       volume = {479},
       number = {4},
        pages = {5491-5511},
          doi = {10.1093/mnras/sty1834},
archivePrefix = {arXiv},
       eprint = {1807.02568},
 primaryClass = {astro-ph.SR},
       adsurl = {https://ui.adsabs.harvard.edu/abs/2018MNRAS.479.5491E},
      adsnote = {Provided by the SAO/NASA Astrophysics Data System},
    language  = {english}
}

@ARTICLE{2014MNRAS.444.2525C,
       author = {{Chen}, Yang and {Girardi}, L{\'e}o and {Bressan}, Alessandro and
         {Marigo}, Paola and {Barbieri}, Mauro and {Kong}, Xu},
        title = "{Improving PARSEC models for very low mass stars}",
      journal = {MNRAS},
     keywords = {stars: evolution, Hertzsprung-Russell and colour-magnitude diagrams, stars: low-mass, Astrophysics - Solar and Stellar Astrophysics},
         year = "2014",
        month = "Nov",
       volume = {444},
       number = {3},
        pages = {2525-2543},
          doi = {10.1093/mnras/stu1605},
archivePrefix = {arXiv},
       eprint = {1409.0322},
 primaryClass = {astro-ph.SR},
       adsurl = {https://ui.adsabs.harvard.edu/abs/2014MNRAS.444.2525C},
      adsnote = {Provided by the SAO/NASA Astrophysics Data System},
    language  = {english}
}

@ARTICLE{2017A&A...601A..75L,
       author = {{Lucy}, L.~B.},
        title = "{Irradiated stars with convective envelopes}",
      journal = {Astron.Astrophys},
     keywords = {stars: atmospheres, binaries: close, stars: low-mass, Astrophysics - Solar and Stellar Astrophysics},
         year = "2017",
        month = "May",
       volume = {601},
          eid = {A75},
        pages = {A75},
          doi = {10.1051/0004-6361/201630011},
archivePrefix = {arXiv},
       eprint = {1611.03290},
 primaryClass = {astro-ph.SR},
       adsurl = {https://ui.adsabs.harvard.edu/abs/2017A&A...601A..75L},
      adsnote = {Provided by the SAO/NASA Astrophysics Data System},
    language  = {english}
}

@ARTICLE{2018RAA....18...94S,
       author = {{Shakht}, Natalia A. and {Gorshanov}, Denis L. and {Vasilkova}, Olga O.},
        title = "{Estimating masses of selected stars in the Pulkovo program by means of astrometry methods}",
      journal = {Research in Astronomy and Astrophysics},
     keywords = {Astrophysics - Solar and Stellar Astrophysics},
         year = "2018",
        month = "Aug",
       volume = {18},
       number = {8},
          eid = {094},
        pages = {094},
          doi = {10.1088/1674-4527/18/8/94},
archivePrefix = {arXiv},
       eprint = {1802.04044},
 primaryClass = {astro-ph.SR},
       adsurl = {https://ui.adsabs.harvard.edu/abs/2018RAA....18...94S},
      adsnote = {Provided by the SAO/NASA Astrophysics Data System},
    language  = {english}
}

@ARTICLE{2005astro.ph..9798C,
       author = {{Chabrier}, G. and {Baraffe}, I. and {Allard}, F. and
         {Hauschildt}, P.~H.},
        title = "{Review on low-mass stars and brown dwarfs}",
      journal = {arXiv e-prints},
     keywords = {Astrophysics},
         year = "2005",
        month = "Sep",
          eid = {astro-ph/0509798},
        pages = {astro-ph/0509798},
archivePrefix = {arXiv},
       eprint = {astro-ph/0509798},
 primaryClass = {astro-ph},
       adsurl = {https://ui.adsabs.harvard.edu/abs/2005astro.ph..9798C},
      adsnote = {Provided by the SAO/NASA Astrophysics Data System},
    language  = {english}
}

@ARTICLE{2019BAAS...51c.105K,
       author = {{Kirkpatrick}, J. Davy and {Abdurrahman}, Fatima and {Best}, William M. and
         {Dupuy}, Trent J. and {Faherty}, Jacqueline K. and
         {Henderson}, Calen B. and {Marocco}, Federico and {Mroz}, Przemek and
         {Sahlmann}, Johannes and {Smart}, Richard L. and
         {Theissen}, Christopher A. and {Wright}, Edward L.},
        title = "{The Need for Infrared Astrometry of Brown Dwarfs in the Post-Gaia Era}",
      journal = {Bulletin of the American Astronomical Society},
         year = "2019",
        month = "May",
       volume = {51},
       number = {3},
          eid = {105},
        pages = {105},
       adsurl = {https://ui.adsabs.harvard.edu/abs/2019BAAS...51c.105K},
      adsnote = {Provided by the SAO/NASA Astrophysics Data System},
    language  = {english}
}

@ARTICLE{2016A&A...595A...1G,
       author = {{Gaia Collaboration} and {Prusti}, T. and {de Bruijne}, J.~H.~J. and
         {Brown}, A.~G.~A. and {Vallenari}, A. and {Babusiaux}, C. and
         {Bailer-Jones}, C.~A.~L. and {Bastian}, U. and {Biermann}, M. and
         {Evans}, D.~W. and {Eyer}, L. and {Jansen}, F. and {Jordi}, C. and
         {Klioner}, S.~A. and {Lammers}, U. and {Lindegren}, L. and {Luri}, X. and
         {Mignard}, F. and {Milligan}, D.~J. and {Panem}, C. and
         {Poinsignon}, V. and {Pourbaix}, D. and {Randich}, S. and {Sarri}, G. and
         {Sartoretti}, P. and {Siddiqui}, H.~I. and {Soubiran}, C. and
         {Valette}, V. and {van Leeuwen}, F. and {Walton}, N.~A. and
         {Aerts}, C. and {Arenou}, F. and {Cropper}, M. and {Drimmel}, R. and
         {H{\o}g}, E. and {Katz}, D. and {Lattanzi}, M.~G. and {O'Mullane}, W. and
         {Grebel}, E.~K. and {Holland}, A.~D. and {Huc}, C. and {Passot}, X. and
         {Bramante}, L. and {Cacciari}, C. and {Casta{\~n}eda}, J. and
         {Chaoul}, L. and {Cheek}, N. and {De Angeli}, F. and {Fabricius}, C. and
         {Guerra}, R. and {Hern{\'a}ndez}, J. and {Jean-Antoine-Piccolo}, A. and
         {Masana}, E. and {Messineo}, R. and {Mowlavi}, N. and
         {Nienartowicz}, K. and {Ord{\'o}{\~n}ez-Blanco}, D. and {Panuzzo}, P. and
         {Portell}, J. and {Richards}, P.~J. and {Riello}, M. and
         {Seabroke}, G.~M. and {Tanga}, P. and {Th{\'e}venin}, F. and
         {Torra}, J. and {Els}, S.~G. and {Gracia-Abril}, G. and
         {Comoretto}, G. and {Garcia-Reinaldos}, M. and {Lock}, T. and
         {Mercier}, E. and {Altmann}, M. and {Andrae}, R. and
         {Astraatmadja}, T.~L. and {Bellas-Velidis}, I. and {Benson}, K. and
         {Berthier}, J. and {Blomme}, R. and {Busso}, G. and {Carry}, B. and
         {Cellino}, A. and {Clementini}, G. and {Cowell}, S. and {Creevey}, O. and
         {Cuypers}, J. and {Davidson}, M. and {De Ridder}, J. and
         {de Torres}, A. and {Delchambre}, L. and {Dell'Oro}, A. and
         {Ducourant}, C. and {Fr{\'e}mat}, Y. and {Garc{\'\i}a-Torres}, M. and
         {Gosset}, E. and {Halbwachs}, J. -L. and {Hambly}, N.~C. and
         {Harrison}, D.~L. and {Hauser}, M. and {Hestroffer}, D. and
         {Hodgkin}, S.~T. and {Huckle}, H.~E. and {Hutton}, A. and
         {Jasniewicz}, G. and {Jordan}, S. and {Kontizas}, M. and {Korn}, A.~J. and
         {Lanzafame}, A.~C. and {Manteiga}, M. and {Moitinho}, A. and
         {Muinonen}, K. and {Osinde}, J. and {Pancino}, E. and {Pauwels}, T. and
         {Petit}, J. -M. and {Recio-Blanco}, A. and {Robin}, A.~C. and
         {Sarro}, L.~M. and {Siopis}, C. and {Smith}, M. and {Smith}, K.~W. and
         {Sozzetti}, A. and {Thuillot}, W. and {van Reeven}, W. and {Viala}, Y. and
         {Abbas}, U. and {Abreu Aramburu}, A. and {Accart}, S. and
         {Aguado}, J.~J. and {Allan}, P.~M. and {Allasia}, W. and
         {Altavilla}, G. and {{\'A}lvarez}, M.~A. and {Alves}, J. and
         {Anderson}, R.~I. and {Andrei}, A.~H. and {Anglada Varela}, E. and
         {Antiche}, E. and {Antoja}, T. and {Ant{\'o}n}, S. and {Arcay}, B. and
         {Atzei}, A. and {Ayache}, L. and {Bach}, N. and {Baker}, S.~G. and
         {Balaguer-N{\'u}{\~n}ez}, L. and {Barache}, C. and {Barata}, C. and
         {Barbier}, A. and {Barblan}, F. and {Baroni}, M. and
         {Barrado y Navascu{\'e}s}, D. and {Barros}, M. and {Barstow}, M.~A. and
         {Becciani}, U. and {Bellazzini}, M. and {Bellei}, G. and
         {Bello Garc{\'\i}a}, A. and {Belokurov}, V. and {Bendjoya}, P. and
         {Berihuete}, A. and {Bianchi}, L. and {Bienaym{\'e}}, O. and
         {Billebaud}, F. and {Blagorodnova}, N. and {Blanco-Cuaresma}, S. and
         {Boch}, T. and {Bombrun}, A. and {Borrachero}, R. and {Bouquillon}, S. and
         {Bourda}, G. and {Bouy}, H. and {Bragaglia}, A. and {Breddels}, M.~A. and
         {Brouillet}, N. and {Br{\"u}semeister}, T. and {Bucciarelli}, B. and
         {Budnik}, F. and {Burgess}, P. and {Burgon}, R. and {Burlacu}, A. and
         {Busonero}, D. and {Buzzi}, R. and {Caffau}, E. and {Cambras}, J. and
         {Campbell}, H. and {Cancelliere}, R. and {Cantat-Gaudin}, T. and
         {Carlucci}, T. and {Carrasco}, J.~M. and {Castellani}, M. and
         {Charlot}, P. and {Charnas}, J. and {Charvet}, P. and {Chassat}, F. and
         {Chiavassa}, A. and {Clotet}, M. and {Cocozza}, G. and
         {Collins}, R.~S. and {Collins}, P. and {Costigan}, G. and {Crifo}, F. and
         {Cross}, N.~J.~G. and {Crosta}, M. and {Crowley}, C. and {Dafonte}, C. and
         {Damerdji}, Y. and {Dapergolas}, A. and {David}, P. and {David}, M. and
         {De Cat}, P. and {de Felice}, F. and {de Laverny}, P. and
         {De Luise}, F. and {De March}, R. and {de Martino}, D. and
         {de Souza}, R. and {Debosscher}, J. and {del Pozo}, E. and {Delbo}, M. and
         {Delgado}, A. and {Delgado}, H.~E. and {di Marco}, F. and
         {Di Matteo}, P. and {Diakite}, S. and {Distefano}, E. and
         {Dolding}, C. and {Dos Anjos}, S. and {Drazinos}, P. and
         {Dur{\'a}n}, J. and {Dzigan}, Y. and {Ecale}, E. and {Edvardsson}, B. and
         {Enke}, H. and {Erdmann}, M. and {Escolar}, D. and {Espina}, M. and
         {Evans}, N.~W. and {Eynard Bontemps}, G. and {Fabre}, C. and
         {Fabrizio}, M. and {Faigler}, S. and {Falc{\~a}o}, A.~J. and
         {Farr{\`a}s Casas}, M. and {Faye}, F. and {Federici}, L. and
         {Fedorets}, G. and {Fern{\'a}ndez-Hern{\'a}ndez}, J. and
         {Fernique}, P. and {Fienga}, A. and {Figueras}, F. and {Filippi}, F. and
         {Findeisen}, K. and {Fonti}, A. and {Fouesneau}, M. and {Fraile}, E. and
         {Fraser}, M. and {Fuchs}, J. and {Furnell}, R. and {Gai}, M. and
         {Galleti}, S. and {Galluccio}, L. and {Garabato}, D. and
         {Garc{\'\i}a-Sedano}, F. and {Gar{\'e}}, P. and {Garofalo}, A. and
         {Garralda}, N. and {Gavras}, P. and {Gerssen}, J. and {Geyer}, R. and
         {Gilmore}, G. and {Girona}, S. and {Giuffrida}, G. and {Gomes}, M. and
         {Gonz{\'a}lez-Marcos}, A. and {Gonz{\'a}lez-N{\'u}{\~n}ez}, J. and
         {Gonz{\'a}lez-Vidal}, J.~J. and {Granvik}, M. and {Guerrier}, A. and
         {Guillout}, P. and {Guiraud}, J. and {G{\'u}rpide}, A. and
         {Guti{\'e}rrez-S{\'a}nchez}, R. and {Guy}, L.~P. and {Haigron}, R. and
         {Hatzidimitriou}, D. and {Haywood}, M. and {Heiter}, U. and
         {Helmi}, A. and {Hobbs}, D. and {Hofmann}, W. and {Holl}, B. and {Holland
        }, G. and {Hunt}, J.~A.~S. and {Hypki}, A. and {Icardi}, V. and
         {Irwin}, M. and {Jevardat de Fombelle}, G. and {Jofr{\'e}}, P. and
         {Jonker}, P.~G. and {Jorissen}, A. and {Julbe}, F. and
         {Karampelas}, A. and {Kochoska}, A. and {Kohley}, R. and
         {Kolenberg}, K. and {Kontizas}, E. and {Koposov}, S.~E. and
         {Kordopatis}, G. and {Koubsky}, P. and {Kowalczyk}, A. and
         {Krone-Martins}, A. and {Kudryashova}, M. and {Kull}, I. and
         {Bachchan}, R.~K. and {Lacoste-Seris}, F. and {Lanza}, A.~F. and
         {Lavigne}, J. -B. and {Le Poncin-Lafitte}, C. and {Lebreton}, Y. and
         {Lebzelter}, T. and {Leccia}, S. and {Leclerc}, N. and
         {Lecoeur-Taibi}, I. and {Lemaitre}, V. and {Lenhardt}, H. and
         {Leroux}, F. and {Liao}, S. and {Licata}, E. and
         {Lindstr{\o}m}, H.~E.~P. and {Lister}, T.~A. and {Livanou}, E. and
         {Lobel}, A. and {L{\"o}ffler}, W. and {L{\'o}pez}, M. and
         {Lopez-Lozano}, A. and {Lorenz}, D. and {Loureiro}, T. and
         {MacDonald}, I. and {Magalh{\~a}es Fernandes}, T. and {Managau}, S. and
         {Mann}, R.~G. and {Mantelet}, G. and {Marchal}, O. and
         {Marchant}, J.~M. and {Marconi}, M. and {Marie}, J. and {Marinoni}, S. and
         {Marrese}, P.~M. and {Marschalk{\'o}}, G. and {Marshall}, D.~J. and
         {Mart{\'\i}n-Fleitas}, J.~M. and {Martino}, M. and {Mary}, N. and
         {Matijevi{\v{c}}}, G. and {Mazeh}, T. and {McMillan}, P.~J. and
         {Messina}, S. and {Mestre}, A. and {Michalik}, D. and {Millar}, N.~R. and
         {Miranda}, B.~M.~H. and {Molina}, D. and {Molinaro}, R. and
         {Molinaro}, M. and {Moln{\'a}r}, L. and {Moniez}, M. and
         {Montegriffo}, P. and {Monteiro}, D. and {Mor}, R. and {Mora}, A. and
         {Morbidelli}, R. and {Morel}, T. and {Morgenthaler}, S. and
         {Morley}, T. and {Morris}, D. and {Mulone}, A.~F. and {Muraveva}, T. and
         {Musella}, I. and {Narbonne}, J. and {Nelemans}, G. and {Nicastro}, L. and
         {Noval}, L. and {Ord{\'e}novic}, C. and {Ordieres-Mer{\'e}}, J. and
         {Osborne}, P. and {Pagani}, C. and {Pagano}, I. and {Pailler}, F. and
         {Palacin}, H. and {Palaversa}, L. and {Parsons}, P. and {Paulsen}, T. and
         {Pecoraro}, M. and {Pedrosa}, R. and {Pentik{\"a}inen}, H. and
         {Pereira}, J. and {Pichon}, B. and {Piersimoni}, A.~M. and
         {Pineau}, F. -X. and {Plachy}, E. and {Plum}, G. and {Poujoulet}, E. and
         {Pr{\v{s}}a}, A. and {Pulone}, L. and {Ragaini}, S. and {Rago}, S. and
         {Rambaux}, N. and {Ramos-Lerate}, M. and {Ranalli}, P. and {Rauw}, G. and
         {Read}, A. and {Regibo}, S. and {Renk}, F. and {Reyl{\'e}}, C. and
         {Ribeiro}, R.~A. and {Rimoldini}, L. and {Ripepi}, V. and {Riva}, A. and
         {Rixon}, G. and {Roelens}, M. and {Romero-G{\'o}mez}, M. and
         {Rowell}, N. and {Royer}, F. and {Rudolph}, A. and {Ruiz-Dern}, L. and
         {Sadowski}, G. and {Sagrist{\`a} Sell{\'e}s}, T. and {Sahlmann}, J. and
         {Salgado}, J. and {Salguero}, E. and {Sarasso}, M. and {Savietto}, H. and
         {Schnorhk}, A. and {Schultheis}, M. and {Sciacca}, E. and {Segol}, M. and
         {Segovia}, J.~C. and {Segransan}, D. and {Serpell}, E. and
         {Shih}, I. -C. and {Smareglia}, R. and {Smart}, R.~L. and {Smith}, C. and
         {Solano}, E. and {Solitro}, F. and {Sordo}, R. and {Soria Nieto}, S. and
         {Souchay}, J. and {Spagna}, A. and {Spoto}, F. and {Stampa}, U. and
         {Steele}, I.~A. and {Steidelm{\"u}ller}, H. and {Stephenson}, C.~A. and
         {Stoev}, H. and {Suess}, F.~F. and {S{\"u}veges}, M. and {Surdej}, J. and
         {Szabados}, L. and {Szegedi-Elek}, E. and {Tapiador}, D. and
         {Taris}, F. and {Tauran}, G. and {Taylor}, M.~B. and {Teixeira}, R. and
         {Terrett}, D. and {Tingley}, B. and {Trager}, S.~C. and {Turon}, C. and
         {Ulla}, A. and {Utrilla}, E. and {Valentini}, G. and {van Elteren}, A. and
         {Van Hemelryck}, E. and {van Leeuwen}, M. and {Varadi}, M. and
         {Vecchiato}, A. and {Veljanoski}, J. and {Via}, T. and {Vicente}, D. and
         {Vogt}, S. and {Voss}, H. and {Votruba}, V. and {Voutsinas}, S. and
         {Walmsley}, G. and {Weiler}, M. and {Weingrill}, K. and {Werner}, D. and
         {Wevers}, T. and {Whitehead}, G. and {Wyrzykowski}, {\L}. and
         {Yoldas}, A. and {{\v{Z}}erjal}, M. and {Zucker}, S. and {Zurbach}, C. and
         {Zwitter}, T. and {Alecu}, A. and {Allen}, M. and {Allende Prieto}, C. and
         {Amorim}, A. and {Anglada-Escud{\'e}}, G. and {Arsenijevic}, V. and
         {Azaz}, S. and {Balm}, P. and {Beck}, M. and {Bernstein}, H. -H. and
         {Bigot}, L. and {Bijaoui}, A. and {Blasco}, C. and {Bonfigli}, M. and
         {Bono}, G. and {Boudreault}, S. and {Bressan}, A. and {Brown}, S. and
         {Brunet}, P. -M. and {Bunclark}, P. and {Buonanno}, R. and
         {Butkevich}, A.~G. and {Carret}, C. and {Carrion}, C. and {Chemin}, L. and
         {Ch{\'e}reau}, F. and {Corcione}, L. and {Darmigny}, E. and
         {de Boer}, K.~S. and {de Teodoro}, P. and {de Zeeuw}, P.~T. and
         {Delle Luche}, C. and {Domingues}, C.~D. and {Dubath}, P. and
         {Fodor}, F. and {Fr{\'e}zouls}, B. and {Fries}, A. and {Fustes}, D. and
         {Fyfe}, D. and {Gallardo}, E. and {Gallegos}, J. and {Gardiol}, D. and
         {Gebran}, M. and {Gomboc}, A. and {G{\'o}mez}, A. and {Grux}, E. and
         {Gueguen}, A. and {Heyrovsky}, A. and {Hoar}, J. and {Iannicola}, G. and
         {Isasi Parache}, Y. and {Janotto}, A. -M. and {Joliet}, E. and
         {Jonckheere}, A. and {Keil}, R. and {Kim}, D. -W. and {Klagyivik}, P. and
         {Klar}, J. and {Knude}, J. and {Kochukhov}, O. and {Kolka}, I. and
         {Kos}, J. and {Kutka}, A. and {Lainey}, V. and {LeBouquin}, D. and
         {Liu}, C. and {Loreggia}, D. and {Makarov}, V.~V. and
         {Marseille}, M.~G. and {Martayan}, C. and {Martinez-Rubi}, O. and
         {Massart}, B. and {Meynadier}, F. and {Mignot}, S. and {Munari}, U. and
         {Nguyen}, A. -T. and {Nordlander}, T. and {Ocvirk}, P. and
         {O'Flaherty}, K.~S. and {Olias Sanz}, A. and {Ortiz}, P. and
         {Osorio}, J. and {Oszkiewicz}, D. and {Ouzounis}, A. and {Palmer}, M. and
         {Park}, P. and {Pasquato}, E. and {Peltzer}, C. and {Peralta}, J. and
         {P{\'e}turaud}, F. and {Pieniluoma}, T. and {Pigozzi}, E. and
         {Poels}, J. and {Prat}, G. and {Prod'homme}, T. and {Raison}, F. and
         {Rebordao}, J.~M. and {Risquez}, D. and {Rocca-Volmerange}, B. and
         {Rosen}, S. and {Ruiz-Fuertes}, M.~I. and {Russo}, F. and {Sembay}, S. and
         {Serraller Vizcaino}, I. and {Short}, A. and {Siebert}, A. and
         {Silva}, H. and {Sinachopoulos}, D. and {Slezak}, E. and {Soffel}, M. and
         {Sosnowska}, D. and {Strai{\v{z}}ys}, V. and {ter Linden}, M. and
         {Terrell}, D. and {Theil}, S. and {Tiede}, C. and {Troisi}, L. and
         {Tsalmantza}, P. and {Tur}, D. and {Vaccari}, M. and {Vachier}, F. and
         {Valles}, P. and {Van Hamme}, W. and {Veltz}, L. and {Virtanen}, J. and
         {Wallut}, J. -M. and {Wichmann}, R. and {Wilkinson}, M.~I. and
         {Ziaeepour}, H. and {Zschocke}, S.},
        title = "{The Gaia mission}",
      journal = {Astron.Astrophys},
     keywords = {space vehicles: instruments, Galaxy: structure, astrometry, parallaxes, proper motions, telescopes, Astrophysics - Instrumentation and Methods for Astrophysics},
         year = "2016",
        month = "Nov",
       volume = {595},
          eid = {A1},
        pages = {A1},
          doi = {10.1051/0004-6361/201629272},
archivePrefix = {arXiv},
       eprint = {1609.04153},
 primaryClass = {astro-ph.IM},
       adsurl = {https://ui.adsabs.harvard.edu/abs/2016A&A...595A...1G},
      adsnote = {Provided by the SAO/NASA Astrophysics Data System},
    language  = {english}
}

@ARTICLE{2019ApJS..240...19K,
       author = {{Kirkpatrick}, J. Davy and {Martin}, Emily C. and {Smart}, Richard L. and
         {Cayago}, Alfred J. and {Beichman}, Charles A. and {Marocco}, Federico and
         {Gelino}, Christopher R. and {Faherty}, Jacqueline K. and
         {Cushing}, Michael C. and {Schneider}, Adam C. and {Mace}, Gregory N. and
         {Tinney}, Christopher G. and {Wright}, Edward L. and
         {Lowrance}, Patrick J. and {Ingalls}, James G. and
         {Vrba}, Frederick J. and {Munn}, Jeffrey A. and {Dahm}, Scott E. and
         {McLean}, Ian S.},
        title = "{Preliminary Trigonometric Parallaxes of 184 Late-T and Y Dwarfs and an Analysis of the Field Substellar Mass Function into the {\textquotedblleft}Planetary{\textquotedblright} Mass Regime}",
      journal = {The Astrophysical Journal Supplement},
     keywords = {brown dwarfs, parallaxes, solar neighborhood, stars: distances, stars: luminosity function, mass function, Astrophysics - Solar and Stellar Astrophysics},
         year = "2019",
        month = "Feb",
       volume = {240},
       number = {2},
          eid = {19},
        pages = {19},
          doi = {10.3847/1538-4365/aaf6af},
archivePrefix = {arXiv},
       eprint = {1812.01208},
 primaryClass = {astro-ph.SR},
       adsurl = {https://ui.adsabs.harvard.edu/abs/2019ApJS..240...19K},
      adsnote = {Provided by the SAO/NASA Astrophysics Data System},
    language  = {english}
}

@ARTICLE{2015ApJ...800...72T,
       author = {{Thies}, Ingo and {Pflamm-Altenburg}, Jan and {Kroupa}, Pavel and
         {Marks}, Michael},
        title = "{Characterizing the Brown Dwarf Formation Channels from the Initial Mass Function and Binary-star Dynamics}",
      journal = {Astrophysical Journal},
     keywords = {binaries: general, brown dwarfs, methods: numerical, methods: statistical, stars: low-mass, stars: luminosity function, mass function, Astrophysics - Astrophysics of Galaxies, Astrophysics - Solar and Stellar Astrophysics},
         year = "2015",
        month = "Feb",
       volume = {800},
       number = {1},
          eid = {72},
        pages = {72},
          doi = {10.1088/0004-637X/800/1/72},
archivePrefix = {arXiv},
       eprint = {1501.01640},
 primaryClass = {astro-ph.GA},
       adsurl = {https://ui.adsabs.harvard.edu/abs/2015ApJ...800...72T},
      adsnote = {Provided by the SAO/NASA Astrophysics Data System},
    language  = {english}
}

@INPROCEEDINGS{2015csss...18..805C,
       author = {{Cortes Contreras}, M. and {Caballero}, J.~A. and {Bejar}, V.~J.~S. and
         {Gauza}, B. and {Montes}, D. and {Alonso-Floriano}, F.~J. and
         {Ribas}, I. and {Reiners}, A. and {Quirrenbach}, A. and {Amado}, P.~J.},
        title = "{Preparation of the CARMENES Input Catalogue: Multiplicity of M dwarfs from Tenths of Arcseconds to Hundreds of Arcminutes}",
    booktitle = {18th Cambridge Workshop on Cool Stars, Stellar Systems, and the Sun},
         year = "2015",
       series = {Cambridge Workshop on Cool Stars, Stellar Systems, and the Sun},
       volume = {18},
        month = "Jan",
        pages = {805-810},
       adsurl = {https://ui.adsabs.harvard.edu/abs/2015csss...18..805C},
      adsnote = {Provided by the SAO/NASA Astrophysics Data System},
    language  = {english}
}

@ARTICLE{2016ApJ...819...17O,
       author = {{Opitz}, Daniela and {Tinney}, C.~G. and {Faherty}, Jacqueline K. and
         {Sweet}, Sarah and {Gelino}, Christopher R. and {Kirkpatrick}, J. Davy},
        title = "{Searching for Binary Y Dwarfs with the Gemini Multi-conjugate Adaptive Optics System (GeMS)}",
      journal = {Astrophysical Journal},
     keywords = {binaries: general, brown dwarfs, methods: observational, stars: low-mass, techniques: image processing, Astrophysics - Solar and Stellar Astrophysics},
         year = "2016",
        month = "Mar",
       volume = {819},
       number = {1},
          eid = {17},
        pages = {17},
          doi = {10.3847/0004-637X/819/1/17},
archivePrefix = {arXiv},
       eprint = {1601.05508},
 primaryClass = {astro-ph.SR},
       adsurl = {https://ui.adsabs.harvard.edu/abs/2016ApJ...819...17O},
      adsnote = {Provided by the SAO/NASA Astrophysics Data System},
    language  = {english}
}

@ARTICLE{2019MNRAS.484.2341B,
       author = {{Bate}, Matthew R.},
        title = "{The statistical properties of stars and their dependence on metallicity}",
      journal = {MNRAS},
     keywords = {hydrodynamics, radiative transfer, binaries: general, stars: formation, stars: luminosity function, mass function, ISM: general, Astrophysics - Solar and Stellar Astrophysics, Astrophysics - Astrophysics of Galaxies},
         year = "2019",
        month = "Apr",
       volume = {484},
       number = {2},
        pages = {2341-2361},
          doi = {10.1093/mnras/stz103},
archivePrefix = {arXiv},
       eprint = {1901.03713},
 primaryClass = {astro-ph.SR},
       adsurl = {https://ui.adsabs.harvard.edu/abs/2019MNRAS.484.2341B},
      adsnote = {Provided by the SAO/NASA Astrophysics Data System},
    language  = {english}
}

@INPROCEEDINGS{2005ASSL..327...41C,
       author = {{Chabrier}, Gilles},
        title = "{The Initial Mass Function: From Salpeter 1955 to 2005}",
     keywords = {Physics, Astrophysics},
    booktitle = {The Initial Mass Function 50 Years Later},
         year = "2005",
       editor = {{Corbelli}, E. and {Palla}, F. and {Zinnecker}, H.},
       series = {Astrophysics and Space Science Library},
       volume = {327},
        month = "Jan",
        pages = {41},
          doi = {10.1007/978-1-4020-3407-7_5},
archivePrefix = {arXiv},
       eprint = {astro-ph/0409465},
 primaryClass = {astro-ph},
       adsurl = {https://ui.adsabs.harvard.edu/abs/2005ASSL..327...41C},
      adsnote = {Provided by the SAO/NASA Astrophysics Data System},
    language  = {english}
}

@ARTICLE{2007ApJ...665..707H,
       author = {{Hurley}, Jarrod R. and {Aarseth}, Sverre J. and {Shara}, Michael M.},
        title = "{The Core Binary Fractions of Star Clusters from Realistic Simulations}",
      journal = {Astrophysical Journal},
     keywords = {Stars: Binaries: Close, Stars: Binaries: General, Galaxy: Globular Clusters: General, Methods: n-Body Simulations, Galaxy: Open Clusters and Associations: General, Stellar Dynamics, Astrophysics},
         year = "2007",
        month = "Aug",
       volume = {665},
       number = {1},
        pages = {707-718},
          doi = {10.1086/517879},
archivePrefix = {arXiv},
       eprint = {0704.0290},
 primaryClass = {astro-ph},
       adsurl = {https://ui.adsabs.harvard.edu/abs/2007ApJ...665..707H},
      adsnote = {Provided by the SAO/NASA Astrophysics Data System},
    language  = {english}
}

@ARTICLE{2018A&A...616A..17A,
       author = {{Arenou}, F. and {Luri}, X. and {Babusiaux}, C. and {Fabricius}, C. and
         {Helmi}, A. and {Muraveva}, T. and {Robin}, A.~C. and {Spoto}, F. and
         {Vallenari}, A. and {Antoja}, T. and {Cantat-Gaudin}, T. and
         {Jordi}, C. and {Leclerc}, N. and {Reyl{\'e}}, C. and
         {Romero-G{\'o}mez}, M. and {Shih}, I. -C. and {Soria}, S. and
         {Barache}, C. and {Bossini}, D. and {Bragaglia}, A. and
         {Breddels}, M.~A. and {Fabrizio}, M. and {Lambert}, S. and
         {Marrese}, P.~M. and {Massari}, D. and {Moitinho}, A. and
         {Robichon}, N. and {Ruiz-Dern}, L. and {Sordo}, R. and
         {Veljanoski}, J. and {Eyer}, L. and {Jasniewicz}, G. and {Pancino}, E. and
         {Soubiran}, C. and {Spagna}, A. and {Tanga}, P. and {Turon}, C. and
         {Zurbach}, C.},
        title = "{Gaia Data Release 2. Catalogue validation}",
      journal = {Astron.Astrophys},
     keywords = {catalogs, stars: fundamental parameters, astrometry, techniques: radial velocities, stars: variables: general, minor planets, asteroids: general, Astrophysics - Astrophysics of Galaxies, Astrophysics - Instrumentation and Methods for Astrophysics},
         year = "2018",
        month = "Aug",
       volume = {616},
          eid = {A17},
        pages = {A17},
          doi = {10.1051/0004-6361/201833234},
archivePrefix = {arXiv},
       eprint = {1804.09375},
 primaryClass = {astro-ph.GA},
       adsurl = {https://ui.adsabs.harvard.edu/abs/2018A&A...616A..17A},
      adsnote = {Provided by the SAO/NASA Astrophysics Data System},
    language  = {english}
}

@ARTICLE{2018A&A...616A...2L,
       author = {{Lindegren}, L. and {Hern{\'a}ndez}, J. and {Bombrun}, A. and
         {Klioner}, S. and {Bastian}, U. and {Ramos-Lerate}, M. and
         {de Torres}, A. and {Steidelm{\"u}ller}, H. and {Stephenson}, C. and
         {Hobbs}, D. and {Lammers}, U. and {Biermann}, M. and {Geyer}, R. and
         {Hilger}, T. and {Michalik}, D. and {Stampa}, U. and {McMillan}, P.~J. and
         {Casta{\~n}eda}, J. and {Clotet}, M. and {Comoretto}, G. and
         {Davidson}, M. and {Fabricius}, C. and {Gracia}, G. and
         {Hambly}, N.~C. and {Hutton}, A. and {Mora}, A. and {Portell}, J. and
         {van Leeuwen}, F. and {Abbas}, U. and {Abreu}, A. and {Altmann}, M. and
         {Andrei}, A. and {Anglada}, E. and {Balaguer-N{\'u}{\~n}ez}, L. and
         {Barache}, C. and {Becciani}, U. and {Bertone}, S. and {Bianchi}, L. and
         {Bouquillon}, S. and {Bourda}, G. and {Br{\"u}semeister}, T. and
         {Bucciarelli}, B. and {Busonero}, D. and {Buzzi}, R. and
         {Cancelliere}, R. and {Carlucci}, T. and {Charlot}, P. and {Cheek}, N. and
         {Crosta}, M. and {Crowley}, C. and {de Bruijne}, J. and
         {de Felice}, F. and {Drimmel}, R. and {Esquej}, P. and {Fienga}, A. and
         {Fraile}, E. and {Gai}, M. and {Garralda}, N. and
         {Gonz{\'a}lez-Vidal}, J.~J. and {Guerra}, R. and {Hauser}, M. and
         {Hofmann}, W. and {Holl}, B. and {Jordan}, S. and {Lattanzi}, M.~G. and
         {Lenhardt}, H. and {Liao}, S. and {Licata}, E. and {Lister}, T. and
         {L{\"o}ffler}, W. and {Marchant}, J. and {Martin-Fleitas}, J. -M. and
         {Messineo}, R. and {Mignard}, F. and {Morbidelli}, R. and {Poggio}, E. and
         {Riva}, A. and {Rowell}, N. and {Salguero}, E. and {Sarasso}, M. and
         {Sciacca}, E. and {Siddiqui}, H. and {Smart}, R.~L. and {Spagna}, A. and
         {Steele}, I. and {Taris}, F. and {Torra}, J. and {van Elteren}, A. and
         {van Reeven}, W. and {Vecchiato}, A.},
        title = "{Gaia Data Release 2. The astrometric solution}",
      journal = {Astron.Astrophys},
     keywords = {astrometry, parallaxes, proper motions, methods: data analysis, space vehicles: instruments, reference systems, Astrophysics - Instrumentation and Methods for Astrophysics},
         year = "2018",
        month = "Aug",
       volume = {616},
          eid = {A2},
        pages = {A2},
          doi = {10.1051/0004-6361/201832727},
archivePrefix = {arXiv},
       eprint = {1804.09366},
 primaryClass = {astro-ph.IM},
       adsurl = {https://ui.adsabs.harvard.edu/abs/2018A&A...616A...2L},
      adsnote = {Provided by the SAO/NASA Astrophysics Data System},
    language  = {english}
}

@ARTICLE{2016A&A...595A...3F,
       author = {{Fabricius}, C. and {Bastian}, U. and {Portell}, J. and
         {Casta{\~n}eda}, J. and {Davidson}, M. and {Hambly}, N.~C. and
         {Clotet}, M. and {Biermann}, M. and {Mora}, A. and {Busonero}, D. and
         {Riva}, A. and {Brown}, A.~G.~A. and {Smart}, R. and {Lammers}, U. and
         {Torra}, J. and {Drimmel}, R. and {Gracia}, G. and {L{\"o}ffler}, W. and
         {Spagna}, A. and {Lindegren}, L. and {Klioner}, S. and {Andrei}, A. and
         {Bach}, N. and {Bramante}, L. and {Br{\"u}semeister}, T. and
         {Busso}, G. and {Carrasco}, J.~M. and {Gai}, M. and {Garralda}, N. and
         {Gonz{\'a}lez-Vidal}, J.~J. and {Guerra}, R. and {Hauser}, M. and
         {Jordan}, S. and {Jordi}, C. and {Lenhardt}, H. and {Mignard}, F. and
         {Messineo}, R. and {Mulone}, A. and {Serraller}, I. and {Stampa}, U. and
         {Tanga}, P. and {van Elteren}, A. and {van Reeven}, W. and {Voss}, H. and
         {Abbas}, U. and {Allasia}, W. and {Altmann}, M. and {Anton}, S. and
         {Barache}, C. and {Becciani}, U. and {Berthier}, J. and {Bianchi}, L. and
         {Bombrun}, A. and {Bouquillon}, S. and {Bourda}, G. and
         {Bucciarelli}, B. and {Butkevich}, A. and {Buzzi}, R. and
         {Cancelliere}, R. and {Carlucci}, T. and {Charlot}, P. and
         {Collins}, R. and {Comoretto}, G. and {Cross}, N. and {Crosta}, M. and
         {de Felice}, F. and {Fienga}, A. and {Figueras}, F. and {Fraile}, E. and
         {Geyer}, R. and {Hernandez}, J. and {Hobbs}, D. and {Hofmann}, W. and
         {Liao}, S. and {Licata}, E. and {Martino}, M. and {McMillan}, P.~J. and
         {Michalik}, D. and {Morbidelli}, R. and {Parsons}, P. and
         {Pecoraro}, M. and {Ramos-Lerate}, M. and {Sarasso}, M. and
         {Siddiqui}, H. and {Steele}, I. and {Steidelm{\"u}ller}, H. and
         {Taris}, F. and {Vecchiato}, A. and {Abreu}, A. and {Anglada}, E. and
         {Boudreault}, S. and {Cropper}, M. and {Holl}, B. and {Cheek}, N. and
         {Crowley}, C. and {Fleitas}, J.~M. and {Hutton}, A. and {Osinde}, J. and
         {Rowell}, N. and {Salguero}, E. and {Utrilla}, E. and
         {Blagorodnova}, N. and {Soffel}, M. and {Osorio}, J. and {Vicente}, D. and
         {Cambras}, J. and {Bernstein}, H. -H.},
        title = "{Gaia Data Release 1. Pre-processing and source list creation}",
      journal = {Astron.Astrophys},
     keywords = {astrometry, methods: data analysis, space vehicles: instruments, Astrophysics - Instrumentation and Methods for Astrophysics},
         year = "2016",
        month = "Nov",
       volume = {595},
          eid = {A3},
        pages = {A3},
          doi = {10.1051/0004-6361/201628643},
archivePrefix = {arXiv},
       eprint = {1609.04273},
 primaryClass = {astro-ph.IM},
       adsurl = {https://ui.adsabs.harvard.edu/abs/2016A&A...595A...3F},
      adsnote = {Provided by the SAO/NASA Astrophysics Data System},
    language  = {english}
}

@ARTICLE{1955ApJ...121..161S,
       author = {{Salpeter}, Edwin E.},
        title = "{The Luminosity Function and Stellar Evolution.}",
      journal = {Astrophysical Journal},
         year = "1955",
        month = "Jan",
       volume = {121},
        pages = {161},
          doi = {10.1086/145971},
       adsurl = {https://ui.adsabs.harvard.edu/abs/1955ApJ...121..161S},
      adsnote = {Provided by the SAO/NASA Astrophysics Data System},
    language  = {english}
}

@ARTICLE{2001MNRAS.322..231K,
       author = {{Kroupa}, Pavel},
        title = "{On the variation of the initial mass function}",
      journal = {MNRAS},
     keywords = {BINARIES: GENERAL, STARS: FORMATION, STARS: KINEMATICS, STARS: LUMINOSITY FUNCTION, MASS FUNCTION, GLOBULAR CLUSTERS: GENERAL, OPEN CLUSTERS AND ASSOCIATIONS: GENERAL, Astrophysics},
         year = "2001",
        month = "Apr",
       volume = {322},
       number = {2},
        pages = {231-246},
          doi = {10.1046/j.1365-8711.2001.04022.x},
archivePrefix = {arXiv},
       eprint = {astro-ph/0009005},
 primaryClass = {astro-ph},
       adsurl = {https://ui.adsabs.harvard.edu/abs/2001MNRAS.322..231K},
      adsnote = {Provided by the SAO/NASA Astrophysics Data System},
    language  = {english}
}

@ARTICLE{2003ApJ...587..407C,
       author = {{Close}, Laird M. and {Siegler}, Nick and {Freed}, Melanie and
         {Biller}, Beth},
        title = "{Detection of Nine M8.0-L0.5 Binaries: The Very Low Mass Binary Population and Its Implications for Brown Dwarf and Very Low Mass Star Formation}",
      journal = {Astrophysical Journal},
     keywords = {Stars: Binaries: General, Instrumentation: Adaptive Optics, Stars: Evolution, Stars: Formation, Stars: Low-Mass, Brown Dwarfs, Astrophysics},
         year = "2003",
        month = "Apr",
       volume = {587},
       number = {1},
        pages = {407-422},
          doi = {10.1086/368177},
archivePrefix = {arXiv},
       eprint = {astro-ph/0301095},
 primaryClass = {astro-ph},
       adsurl = {https://ui.adsabs.harvard.edu/abs/2003ApJ...587..407C},
      adsnote = {Provided by the SAO/NASA Astrophysics Data System},
    language  = {english}
}

@ARTICLE{2006AJ....132..663B,
       author = {{Basri}, Gibor and {Reiners}, Ansgar},
        title = "{A Survey for Spectroscopic Binaries among Very Low Mass Stars}",
      journal = {Astronomical Journal},
     keywords = {Stars: Binaries: Close, Stars: Formation, Stars: Low-Mass, Brown Dwarfs, Astrophysics},
         year = "2006",
        month = "Aug",
       volume = {132},
       number = {2},
        pages = {663-675},
          doi = {10.1086/505198},
archivePrefix = {arXiv},
       eprint = {astro-ph/0604259},
 primaryClass = {astro-ph},
       adsurl = {https://ui.adsabs.harvard.edu/abs/2006AJ....132..663B},
      adsnote = {Provided by the SAO/NASA Astrophysics Data System},
    language  = {english}
}

@ARTICLE{1992ApJ...396..178F,
       author = {{Fischer}, Debra A. and {Marcy}, Geoffrey W.},
        title = "{Multiplicity among M Dwarfs}",
      journal = {Astrophysical Journal},
     keywords = {Binary Stars, Companion Stars, Dwarf Stars, M Stars, Radial Velocity, Stellar Spectra, Late Stars, Sky Surveys (Astronomy), Statistical Analysis, Astrophysics, STARS: BINARIES: GENERAL, STARS: BINARIES: SPECTROSCOPIC, STARS: LATE-TYPE, STARS: STATISTICS},
         year = "1992",
        month = "Sep",
       volume = {396},
        pages = {178},
          doi = {10.1086/171708},
       adsurl = {https://ui.adsabs.harvard.edu/abs/1992ApJ...396..178F},
      adsnote = {Provided by the SAO/NASA Astrophysics Data System},
    language  = {english}
}

@ARTICLE{2010ApJS..190....1R,
       author = {{Raghavan}, Deepak and {McAlister}, Harold A. and {Henry}, Todd J. and
         {Latham}, David W. and {Marcy}, Geoffrey W. and {Mason}, Brian D. and
         {Gies}, Douglas R. and {White}, Russel J. and {ten Brummelaar}, Theo A.},
        title = "{A Survey of Stellar Families: Multiplicity of Solar-type Stars}",
      journal = {The Astrophysical Journal Supplement},
     keywords = {binaries: general, planetary systems, stars: solar-type, stars: statistics, surveys, Astrophysics - Solar and Stellar Astrophysics},
         year = "2010",
        month = "Sep",
       volume = {190},
       number = {1},
        pages = {1-42},
          doi = {10.1088/0067-0049/190/1/1},
archivePrefix = {arXiv},
       eprint = {1007.0414},
 primaryClass = {astro-ph.SR},
       adsurl = {https://ui.adsabs.harvard.edu/abs/2010ApJS..190....1R},
      adsnote = {Provided by the SAO/NASA Astrophysics Data System},
    language  = {english}
}

@ARTICLE{1991A&A...248..485D,
       author = {{Duquennoy}, A. and {Mayor}, M.},
        title = "{Multiplicity among solar-type stars in the solar neighbourhood. II - Distribution of the orbital elements in an unbiased sample.}",
      journal = {Astron.Astrophys},
     keywords = {Binary Stars, Dwarf Stars, G Stars, Solar Neighborhood, Stellar Orbits, Brown Dwarf Stars, Orbital Elements, Peculiar Stars, Radial Velocity, Stellar Evolution, Variable Stars, Astrophysics},
         year = "1991",
        month = "Aug",
       volume = {500},
        pages = {337-376},
       adsurl = {https://ui.adsabs.harvard.edu/abs/1991A&A...248..485D},
      adsnote = {Provided by the SAO/NASA Astrophysics Data System},
    language  = {english}
}

@ARTICLE{2007A&A...474...77K,
       author = {{Kouwenhoven}, M.~B.~N. and {Brown}, A.~G.~A. and
         {Portegies Zwart}, S.~F. and {Kaper}, L.},
        title = "{The primordial binary population. II.. Recovering the binary population for intermediate mass stars in Scorpius OB2}",
      journal = {Astron.Astrophys},
     keywords = {Galaxy: open clusters and associations: individual: Scorpius OB2, stars: binaries: visual, stars: binaries: general, stars: formation, Astrophysics},
         year = "2007",
        month = "Oct",
       volume = {474},
       number = {1},
        pages = {77-104},
          doi = {10.1051/0004-6361:20077719},
archivePrefix = {arXiv},
       eprint = {0707.2746},
 primaryClass = {astro-ph},
       adsurl = {https://ui.adsabs.harvard.edu/abs/2007A&A...474...77K},
      adsnote = {Provided by the SAO/NASA Astrophysics Data System},
    language  = {english}
}

@ARTICLE{2013MNRAS.436.1694R,
       author = {{Rizzuto}, A.~C. and {Ireland}, M.~J. and {Robertson}, J.~G. and
         {Kok}, Y. and {Tuthill}, P.~G. and {Warrington}, B.~A. and
         {Haubois}, X. and {Tango}, W.~J. and {Norris}, B. and
         {ten Brummelaar}, T. and {Kraus}, A.~L. and {Jacob}, A. and
         {Laliberte-Houdeville}, C.},
        title = "{Long-baseline interferometric multiplicity survey of the Sco-Cen OB association}",
      journal = {MNRAS},
     keywords = {methods: statistical, techniques: high angular resolution, techniques: interferometric, binaries: close, stars: formation, open clusters and associations: individual: Sco-Cen, Astrophysics - Solar and Stellar Astrophysics},
         year = "2013",
        month = "Dec",
       volume = {436},
       number = {2},
        pages = {1694-1707},
          doi = {10.1093/mnras/stt1690},
archivePrefix = {arXiv},
       eprint = {1309.3811},
 primaryClass = {astro-ph.SR},
       adsurl = {https://ui.adsabs.harvard.edu/abs/2013MNRAS.436.1694R},
      adsnote = {Provided by the SAO/NASA Astrophysics Data System},
    language  = {english}
}

@ARTICLE{1999NewA....4..531P,
       author = {{Preibisch}, Thomas and {Balega}, Yuri and {Hofmann}, Karl-Heinz and
         {Weigelt}, Gerd and {Zinnecker}, Hans},
        title = "{Multiplicity of the massive stars in the Orion Nebula cluster}",
      journal = {New Astronomy},
     keywords = {TECHNIQUES: INTERFEROMETRIC, STARS: INDIVIDUAL: PAR 1993, PAR 2074, PAR 2271, PAR 2425, STARS: BINARIES, STARS: PRE-MAIN SEQUENCE},
         year = "1999",
        month = "Dec",
       volume = {4},
       number = {7},
        pages = {531-542},
          doi = {10.1016/S1384-1076(99)00042-1},
       adsurl = {https://ui.adsabs.harvard.edu/abs/1999NewA....4..531P},
      adsnote = {Provided by the SAO/NASA Astrophysics Data System},
    language  = {english}
}

@ARTICLE{1998AJ....115..821M,
       author = {{Mason}, Brian D. and {Gies}, Douglas R. and {Hartkopf}, William I. and
         {Bagnuolo}, William G., Jr. and {ten Brummelaar}, Theo and
         {McAlister}, Harold A.},
        title = "{ICCD Speckle Observations of Binary Stars. XIX. an Astrometric/Spectroscopic Survey of O Stars}",
      journal = {Astronomical Journal},
     keywords = {Binary Stars, Astrometry, Stellar Spectrophotometry, O Stars, Speckle Interferometry, Open Clusters, Radial Velocity, Mass Distribution, Astrophysics, BINARIES: GENERAL, BINARIES: SPECTROSCOPIC, BINARIES: VISUAL, OPEN CLUSTERS AND ASSOCIATIONS: GENERAL},
         year = "1998",
        month = "Feb",
       volume = {115},
       number = {2},
        pages = {821-847},
          doi = {10.1086/300234},
       adsurl = {https://ui.adsabs.harvard.edu/abs/1998AJ....115..821M},
      adsnote = {Provided by the SAO/NASA Astrophysics Data System},
    language  = {english}
}

@ARTICLE{2012ApJ...754...44J,
       author = {{Janson}, Markus and {Hormuth}, Felix and {Bergfors}, Carolina and {Brand
        ner}, Wolfgang and {Hippler}, Stefan and {Daemgen}, Sebastian and
         {Kudryavtseva}, Natalia and {Schmalzl}, Eva and {Schnupp}, Carolin and
         {Henning}, Thomas},
        title = "{The AstraLux Large M-dwarf Multiplicity Survey}",
      journal = {Astrophysical Journal},
     keywords = {binaries: general, stars: late-type, techniques: high angular resolution, Astrophysics - Solar and Stellar Astrophysics},
         year = "2012",
        month = "Jul",
       volume = {754},
       number = {1},
          eid = {44},
        pages = {44},
          doi = {10.1088/0004-637X/754/1/44},
archivePrefix = {arXiv},
       eprint = {1205.4718},
 primaryClass = {astro-ph.SR},
       adsurl = {https://ui.adsabs.harvard.edu/abs/2012ApJ...754...44J},
      adsnote = {Provided by the SAO/NASA Astrophysics Data System},
    language  = {english}
}

@ARTICLE{1955AJ.....60..274D,
       author = {{Dunn}, R.~B. and {Hugues}, H. and {Luyten}, W.~J.},
        title = "{New stars with proper motion exceeding 0.5 annually.}",
      journal = {Astronomical Journal},
         year = "1955",
        month = "Aug",
       volume = {60},
        pages = {274},
          doi = {10.1086/107227},
       adsurl = {https://ui.adsabs.harvard.edu/abs/1955AJ.....60..274D},
      adsnote = {Provided by the SAO/NASA Astrophysics Data System},
    language  = {english}
}

@BOOK{1979nlcs.book.....L,
       author = {{Luyten}, W.~J.},
        title = "{New Luyten catalogue of stars with proper motions larger than two tenths of an arcsecond; and first supplement; NLTT. (Minneapolis (1979)); Label 12 = short description; Label 13 = documentation by Warren; Label 14 = catalogue}",
         year = "1979",
       adsurl = {https://ui.adsabs.harvard.edu/abs/1979nlcs.book.....L},
      adsnote = {Provided by the SAO/NASA Astrophysics Data System},
    language  = {english}
}

@BOOK{1995gcts.book.....V,
       author = {{van Altena}, W.~F. and {Lee}, J.~T. and {Hoffleit}, E.~D.},
        title = "{The general catalogue of trigonometric [stellar] parallaxes}",
         year = "1995",
       adsurl = {https://ui.adsabs.harvard.edu/abs/1995gcts.book.....V},
      adsnote = {Provided by the SAO/NASA Astrophysics Data System},
    language  = {english}
}

@ARTICLE{2017AJ....153...14W,
       author = {{Winters}, Jennifer G. and {Sevrinsky}, R. Andrew and {Jao}, Wei-Chun and
         {Henry}, Todd J. and {Riedel}, Adric R. and {Subasavage}, John P. and
         {Lurie}, John C. and {Ianna}, Philip A. and {Finch}, Charlie T.},
        title = "{The Solar Neighborhood XXXVIII. Results from the CTIO/SMARTS 0.9m: Trigonometric Parallaxes for 151 Nearby M Dwarf Systems}",
      journal = {Astronomical Journal},
     keywords = {parallaxes, solar neighborhood, stars: distances, stars: low-mass, stars: statistics, Astrophysics - Solar and Stellar Astrophysics},
         year = "2017",
        month = "Jan",
       volume = {153},
       number = {1},
          eid = {14},
        pages = {14},
          doi = {10.3847/1538-3881/153/1/14},
archivePrefix = {arXiv},
       eprint = {1610.07552},
 primaryClass = {astro-ph.SR},
       adsurl = {https://ui.adsabs.harvard.edu/abs/2017AJ....153...14W},
      adsnote = {Provided by the SAO/NASA Astrophysics Data System},
    language  = {english}
}

@ARTICLE{2017ApJ...836..124D,
       author = {{Dittmann}, Jason A. and {Irwin}, Jonathan M. and {Charbonneau}, David and
         {Berta-Thompson}, Zachory K. and {Newton}, Elisabeth R. and
         {Latham}, David W. and {Latham}, Christian A. and {Esquerdo}, Gilbert and
         {Berlind}, Perry and {Calkins}, Michael L.},
        title = "{Discovery and Precise Characterization by the MEarth Project of LP 661-13, an Eclipsing Binary Consisting of Two Fully Convective Low-mass Stars}",
      journal = {Astrophysical Journal},
     keywords = {binaries: eclipsing, solar neighborhood, stars: fundamental parameters, stars: individual: LP 661-13, stars: low-mass, Astrophysics - Solar and Stellar Astrophysics},
         year = "2017",
        month = "Feb",
       volume = {836},
       number = {1},
          eid = {124},
        pages = {124},
          doi = {10.3847/1538-4357/836/1/124},
archivePrefix = {arXiv},
       eprint = {1609.03591},
 primaryClass = {astro-ph.SR},
       adsurl = {https://ui.adsabs.harvard.edu/abs/2017ApJ...836..124D},
      adsnote = {Provided by the SAO/NASA Astrophysics Data System},
    language  = {english}
}

@ARTICLE{2011AstL...37..420K,
       author = {{Khrutskaya}, E.~V. and {Berezhnoi}, A.~A. and {Khovrichev}, M. Yu.},
        title = "{Investigation of the motions of fast stars based on observations with the Pulkovo normal astrograph}",
      journal = {Astronomy Letters},
     keywords = {Galactic solar neighborhoods, stars with large proper motions, astrometric binaries},
         year = "2011",
        month = "Jun",
       volume = {37},
       number = {6},
        pages = {420-430},
          doi = {10.1134/S1063773711060053},
       adsurl = {https://ui.adsabs.harvard.edu/abs/2011AstL...37..420K},
      adsnote = {Provided by the SAO/NASA Astrophysics Data System},
    language  = {english}
}

@ARTICLE{2017A&A...599A..70J,
       author = {{Janson}, Markus and {Durkan}, Stephen and {Hippler}, Stefan and
         {Dai}, Xiaolin and {Brandner}, Wolfgang and {Schlieder}, Joshua and
         {Bonnefoy}, Micka{\"e}l and {Henning}, Thomas},
        title = "{Binaries among low-mass stars in nearby young moving groups}",
      journal = {Astron.Astrophys},
     keywords = {binaries: visual, stars: low-mass, stars: pre-main sequence, Astrophysics - Solar and Stellar Astrophysics},
         year = "2017",
        month = "Mar",
       volume = {599},
          eid = {A70},
        pages = {A70},
          doi = {10.1051/0004-6361/201629945},
archivePrefix = {arXiv},
       eprint = {1612.02443},
 primaryClass = {astro-ph.SR},
       adsurl = {https://ui.adsabs.harvard.edu/abs/2017A&A...599A..70J},
      adsnote = {Provided by the SAO/NASA Astrophysics Data System},
    language  = {english}
}

@ARTICLE{1916AJ.....29..181B,
       author = {{Barnard}, E.~E.},
        title = "{A small star with large proper-motion}",
      journal = {Astronomical Journal},
         year = "1916",
        month = "Sep",
       volume = {29},
        pages = {181-183},
          doi = {10.1086/104156},
       adsurl = {https://ui.adsabs.harvard.edu/abs/1916AJ.....29..181B},
      adsnote = {Provided by the SAO/NASA Astrophysics Data System},
    language  = {english}
}

@ARTICLE{2018JDSO...14..367K,
       author = {{Knapp}, Wilfried and {Nanson}, John},
        title = "{CPM Pairs from LSPM so Far Not WDS Listed - Part IV}",
      journal = {Journal of Double Star Observations},
         year = "2018",
        month = "Apr",
       volume = {14},
       number = {2},
        pages = {367-388},
       adsurl = {https://ui.adsabs.harvard.edu/abs/2018JDSO...14..367K},
      adsnote = {Provided by the SAO/NASA Astrophysics Data System},
    language  = {english}
}

@ARTICLE{2019A&A...623A..72K,
       author = {{Kervella}, Pierre and {Arenou}, Fr{\'e}d{\'e}ric and
         {Mignard}, Fran{\c{c}}ois and {Th{\'e}venin}, Fr{\'e}d{\'e}ric},
        title = "{Stellar and substellar companions of nearby stars from Gaia DR2. Binarity from proper motion anomaly}",
      journal = {Astron.Astrophys},
     keywords = {astrometry, proper motions, binaries: general, planetary systems, Astrophysics - Solar and Stellar Astrophysics},
         year = "2019",
        month = "Mar",
       volume = {623},
          eid = {A72},
        pages = {A72},
          doi = {10.1051/0004-6361/201834371},
archivePrefix = {arXiv},
       eprint = {1811.08902},
 primaryClass = {astro-ph.SR},
       adsurl = {https://ui.adsabs.harvard.edu/abs/2019A&A...623A..72K},
      adsnote = {Provided by the SAO/NASA Astrophysics Data System},
    language  = {english}
}

@ARTICLE{2002A&A...391..647G,
       author = {{Gontcharov}, G.~A. and {Kiyaeva}, O.~V.},
        title = "{Photocentric orbits from a direct combination of ground-based astrometry with Hipparcos. I. Comparison with known orbits}",
      journal = {Astron.Astrophys},
     keywords = {stars: binaries: general, stars: fundamental parameters, star: individual: alpha UMa, star: individual: beta LMi, lstrok, inebreak star: individual: delta And, star: individual: xi Aqr},
         year = "2002",
        month = "Aug",
       volume = {391},
        pages = {647-657},
          doi = {10.1051/0004-6361:20020896},
       adsurl = {https://ui.adsabs.harvard.edu/abs/2002A&A...391..647G},
      adsnote = {Provided by the SAO/NASA Astrophysics Data System},
    language  = {english}
}

@ARTICLE{1999A&A...346..675W,
       author = {{Wielen}, R. and {Dettbarn}, C. and {Jahrei{\ss}}, H. and
         {Lenhardt}, H. and {Schwan}, H.},
        title = "{Indications on the binary nature of individual stars derived from a comparison of their HIPPARCOS proper motions with ground-based data. I. Basic principles}",
      journal = {Astron.Astrophys},
     keywords = {ASTROMETRY, STARS: BINARIES: GENERAL, Astrophysics},
         year = "1999",
        month = "Jun",
       volume = {346},
        pages = {675-685},
archivePrefix = {arXiv},
       eprint = {astro-ph/9901228},
 primaryClass = {astro-ph},
       adsurl = {https://ui.adsabs.harvard.edu/abs/1999A&A...346..675W},
      adsnote = {Provided by the SAO/NASA Astrophysics Data System},
    language  = {english}
}

@PROCEEDINGS{1997ESASP1200.....E,
        title = "{The HIPPARCOS and TYCHO catalogues. Astrometric and photometric star catalogues derived from the ESA HIPPARCOS Space Astrometry Mission}",
     keywords = {SPACE ASTROMETRY, STAR CATALOGS, POSITIONS, ARTIFICIAL SATELLITES},
    booktitle = {ESA Special Publication},
         year = "1997",
       volume = {1200},
        month = "Jan",
       adsurl = {https://ui.adsabs.harvard.edu/abs/1997ESASP1200.....E},
      adsnote = {Provided by the SAO/NASA Astrophysics Data System},
    language  = {english}
}

@ARTICLE{1988VeARI..32....1F,
       author = {{Fricke}, W. and {Schwan}, H. and {Lederle}, T. and {Bastian}, U. and
         {Bien}, R. and {Burkhardt}, G. and {Du Mont}, B. and {Hering}, R. and
         {J{\"a}hrling}, R. and {Jahrei{\ss}}, H. and {R{\"o}ser}, S. and
         {Schwerdtfeger}, H. -M. and {Walter}, H.~G.},
        title = "{Fifth Fundamental Catalogue (FK5). Part 1. The Basic Fundamental Stars}",
      journal = {Veroeffentlichungen des Astronomischen Rechen-Instituts Heidelberg},
     keywords = {STAR CATALOGS, FK CATALOG SYSTEM, Astronomical Catalogs, Star Distribution, Stellar Magnitude, Stellar Orbits, Celestial Mechanics, Stellar Motions, Stellar Parallax, Stellar Rotation, Astronomy, Fundamental Catalogues, FK5},
         year = "1988",
        month = "Jan",
       volume = {32},
        pages = {1-106},
       adsurl = {https://ui.adsabs.harvard.edu/abs/1988VeARI..32....1F},
      adsnote = {Provided by the SAO/NASA Astrophysics Data System},
    language  = {english}
}

@ARTICLE{1991VeARI..33....1F,
       author = {{Fricke}, W. and {Schwan}, H. and {Corbin}, T. and {Bastian}, U. and
         {Bien}, R. and {Cole}, C. and {Jackson}, E. and {J{\"a}hrling}, R. and
         {Jahrei{\ss}}, H. and {Lederle}, T. and {R{\"o}ser}, S.},
        title = "{Fundamental Catalogue (FK 5), Part II: The FK5 Extension - New Fundamental Stars}",
      journal = {Veroeffentlichungen des Astronomischen Rechen-Instituts Heidelberg},
     keywords = {Astronomical Catalogs, Position (Location), Stars, Stellar Motions, Stellar Systems, Least Squares Method, Radial Velocity, Stellar Parallax, Astronomy, Fundamental Catalogues, FK5},
         year = "1991",
        month = "Jan",
       volume = {33},
       adsurl = {https://ui.adsabs.harvard.edu/abs/1991VeARI..33....1F},
      adsnote = {Provided by the SAO/NASA Astrophysics Data System},
    language  = {english}
}

@BOOK{1936gcts.book.....B,
       author = {{Boss}, Benjamin and {Albrecht}, Sebastian and {Jenkins}, Heroy and
         {Raymond}, Harry and {Roy}, Arthur Jay and {Varnum}, William Bentley and
         {Wilson}, Ralph Elmer and {Boss}, Lewis},
        title = "{General catalogue of 33342 stars for the epoch 1950 ...}",
         year = "1936",
       adsurl = {https://ui.adsabs.harvard.edu/abs/1936gcts.book.....B},
      adsnote = {Provided by the SAO/NASA Astrophysics Data System},
    language  = {english}
}

@ARTICLE{2010AstL...36..576K,
       author = {{Khrutskaya}, E.~V. and {Izmailov}, I.~S. and {Khovrichev}, M. Yu.},
        title = "{Trigonometric parallaxes of 29 stars with large proper motions}",
      journal = {Astronomy Letters},
     keywords = {trigonometric parallaxes, Galactic solar neighborhoods, stars with large proper motions},
         year = "2010",
        month = "Aug",
       volume = {36},
       number = {8},
        pages = {576-583},
          doi = {10.1134/S1063773710080062},
       adsurl = {https://ui.adsabs.harvard.edu/abs/2010AstL...36..576K},
      adsnote = {Provided by the SAO/NASA Astrophysics Data System},
    language  = {english}
}

@ARTICLE{2013MNRAS.435.1083K,
       author = {{Khovritchev}, M. Yu. and {Izmailov}, I.~S. and {Khrutskaya}, E.~V.},
        title = "{Trigonometric parallaxes of 71 large proper motion stars}",
      journal = {MNRAS},
     keywords = {astrometry, parallaxes, stars: distances, solar neighbourhood},
         year = "2013",
        month = "Oct",
       volume = {435},
       number = {2},
        pages = {1083-1093},
          doi = {10.1093/mnras/stt1321},
       adsurl = {https://ui.adsabs.harvard.edu/abs/2013MNRAS.435.1083K},
      adsnote = {Provided by the SAO/NASA Astrophysics Data System},
    language  = {english}
}

@ARTICLE{1981AJ.....86..476J,
       author = {{Jarvis}, J.~F. and {Tyson}, J.~A.},
        title = "{Focas: faint object classification and analysis system.}",
      journal = {Astronomical Journal},
     keywords = {Astronomical Catalogs, Astronomical Photography, Celestial Bodies, Image Resolution, Systems Analysis, Classifications, Digital Systems, Galaxies, Magnitude, Pattern Recognition, Photographic Plates, Stars, Astronomy},
         year = "1981",
        month = "Mar",
       volume = {86},
        pages = {476-495},
          doi = {10.1086/112907},
       adsurl = {https://ui.adsabs.harvard.edu/abs/1981AJ.....86..476J},
      adsnote = {Provided by the SAO/NASA Astrophysics Data System},
    language  = {english}
}

@ARTICLE{1996A&AS..117..393B,
       author = {{Bertin}, E. and {Arnouts}, S.},
        title = "{SExtractor: Software for source extraction.}",
      journal = {Astronomy and Astrophysics Supplement},
     keywords = {METHODS: DATA ANALYSIS, TECHNIQUES: IMAGE PROCESSING, GALAXIES: PHOTOMETRY},
         year = "1996",
        month = "Jun",
       volume = {117},
        pages = {393-404},
          doi = {10.1051/aas:1996164},
       adsurl = {https://ui.adsabs.harvard.edu/abs/1996A&AS..117..393B},
      adsnote = {Provided by the SAO/NASA Astrophysics Data System},
    language  = {english}
}

@ARTICLE{1998ApJ...503..325A,
       author = {{Alard}, C. and {Lupton}, Robert H.},
        title = "{A Method for Optimal Image Subtraction}",
      journal = {Astrophysical Journal},
     keywords = {METHODS: DATA ANALYSIS, METHODS: STATISTICAL, TECHNIQUES: IMAGE PROCESSING, Methods: Data Analysis, Methods: Statistical, Techniques: Image Processing, Astrophysics},
         year = "1998",
        month = "Aug",
       volume = {503},
       number = {1},
        pages = {325-331},
          doi = {10.1086/305984},
archivePrefix = {arXiv},
       eprint = {astro-ph/9712287},
 primaryClass = {astro-ph},
       adsurl = {https://ui.adsabs.harvard.edu/abs/1998ApJ...503..325A},
      adsnote = {Provided by the SAO/NASA Astrophysics Data System},
    language  = {english}
}

@ARTICLE{1995ApJ...449..460K,
       author = {{Kaiser}, Nick and {Squires}, Gordon and {Broadhurst}, Tom},
        title = "{A Method for Weak Lensing Observations}",
      journal = {Astrophysical Journal},
     keywords = {COSMOLOGY: OBSERVATIONS, COSMOLOGY: DARK MATTER, GALAXIES: FORMATION, COSMOLOGY: GRAVITATIONAL LENSING, COSMOLOGY: LARGE-SCALE STRUCTURE OF UNIVERSE, Astrophysics},
         year = "1995",
        month = "Aug",
       volume = {449},
        pages = {460},
          doi = {10.1086/176071},
archivePrefix = {arXiv},
       eprint = {astro-ph/9411005},
 primaryClass = {astro-ph},
       adsurl = {https://ui.adsabs.harvard.edu/abs/1995ApJ...449..460K},
      adsnote = {Provided by the SAO/NASA Astrophysics Data System},
    language  = {english}
}

@ARTICLE{2003MNRAS.338...35R,
       author = {{Refregier}, Alexandre},
        title = "{Shapelets - I. A method for image analysis}",
      journal = {MNRAS},
     keywords = {gravitational lensing, methods: analytical, methods: data analysis, techniques: image processing, surveys, Astrophysics},
         year = "2003",
        month = "Jan",
       volume = {338},
       number = {1},
        pages = {35-47},
          doi = {10.1046/j.1365-8711.2003.05901.x},
archivePrefix = {arXiv},
       eprint = {astro-ph/0105178},
 primaryClass = {astro-ph},
       adsurl = {https://ui.adsabs.harvard.edu/abs/2003MNRAS.338...35R},
      adsnote = {Provided by the SAO/NASA Astrophysics Data System},
    language  = {english}
}

@ARTICLE{2003MNRAS.338...48R,
       author = {{Refregier}, Alexandre and {Bacon}, David},
        title = "{Shapelets - II. A method for weak lensing measurements}",
      journal = {MNRAS},
     keywords = {gravitational lensing, methods: data analysis, techniques: image processing, cosmology: observations, dark matter, large-scale structure of Universe, Astrophysics},
         year = "2003",
        month = "Jan",
       volume = {338},
       number = {1},
        pages = {48-56},
          doi = {10.1046/j.1365-8711.2003.05902.x},
archivePrefix = {arXiv},
       eprint = {astro-ph/0105179},
 primaryClass = {astro-ph},
       adsurl = {https://ui.adsabs.harvard.edu/abs/2003MNRAS.338...48R},
      adsnote = {Provided by the SAO/NASA Astrophysics Data System},
    language  = {english}
}

@ARTICLE{2005MNRAS.363..197M,
       author = {{Massey}, Richard and {Refregier}, Alexandre},
        title = "{Polar shapelets}",
      journal = {MNRAS},
     keywords = {methods: analytical, methods: data analysis, techniques: image processing, galaxies: fundamental parameters, Astrophysics},
         year = "2005",
        month = "Oct",
       volume = {363},
       number = {1},
        pages = {197-210},
          doi = {10.1111/j.1365-2966.2005.09453.x},
archivePrefix = {arXiv},
       eprint = {astro-ph/0408445},
 primaryClass = {astro-ph},
       adsurl = {https://ui.adsabs.harvard.edu/abs/2005MNRAS.363..197M},
      adsnote = {Provided by the SAO/NASA Astrophysics Data System},
    language  = {english}
}

@ARTICLE{2015arXiv151101642K,
       author = {{Khovritchev}, M. Yu. and {Ershova}, A.~P. and {Balyaev}, I.~A. and
         {Bikulova}, D.~A. and {Izmailov}, I.~S. and {Roshchina}, E.~A. and
         {Petjur}, V.~V. and {Shumilov}, A.~A. and {Maksimova}, L.~A. and
         {Oskina}, K.~I. and {Apetyan}, A.~A. and {Kulikova}, A.~M.},
        title = "{Astrometric observations of outer Jovian satellites with the `Saturn' telescope. First results}",
      journal = {arXiv e-prints},
     keywords = {Astrophysics - Earth and Planetary Astrophysics, Astrophysics - Instrumentation and Methods for Astrophysics},
         year = "2015",
        month = "Nov",
          eid = {arXiv:1511.01642},
        pages = {arXiv:1511.01642},
archivePrefix = {arXiv},
       eprint = {1511.01642},
 primaryClass = {astro-ph.EP},
       adsurl = {https://ui.adsabs.harvard.edu/abs/2015arXiv151101642K},
      adsnote = {Provided by the SAO/NASA Astrophysics Data System},
    language  = {english}
}

@INPROCEEDINGS{2008IAUS..248...74L,
       author = {{L{\'e}pine}, S. and {Shara}, M.~M. and {Rich}, R. -M. and
         {Wittenberg}, A. and {Halmo}, M. and {Bongiorno}, B.},
        title = "{A new all-sky catalog of stars with large proper motions}",
     keywords = {catalogs, solar neighborhood, stars: kinematics, stars: low-mass, brown dwarfs, stars: subdwarfs, stars: white dwarfs, Galaxy: stellar content, Astrophysics},
    booktitle = {A Giant Step: from Milli- to Micro-arcsecond Astrometry},
         year = "2008",
       editor = {{Jin}, W.~J. and {Platais}, I. and {Perryman}, M.~A.~C.},
       series = {IAU Symposium},
       volume = {248},
        month = "Jul",
        pages = {74-77},
          doi = {10.1017/S1743921308018656},
archivePrefix = {arXiv},
       eprint = {0805.4736},
 primaryClass = {astro-ph},
       adsurl = {https://ui.adsabs.harvard.edu/abs/2008IAUS..248...74L},
      adsnote = {Provided by the SAO/NASA Astrophysics Data System},
    language  = {english}
}

@ARTICLE{2010AJ....139.2184Z,
       author = {{Zacharias}, N. and {Finch}, C. and {Girard}, T. and {Hambly}, N. and
         {Wycoff}, G. and {Zacharias}, M.~I. and {Castillo}, D. and
         {Corbin}, T. and {DiVittorio}, M. and {Dutta}, S. and {Gaume}, R. and
         {Gauss}, S. and {Germain}, M. and {Hall}, D. and {Hartkopf}, W. and
         {Hsu}, D. and {Holdenried}, E. and {Makarov}, V. and {Martinez}, M. and
         {Mason}, B. and {Monet}, D. and {Rafferty}, T. and {Rhodes}, A. and
         {Siemers}, T. and {Smith}, D. and {Tilleman}, T. and {Urban}, S. and
         {Wieder}, G. and {Winter}, L. and {Young}, A.},
        title = "{The Third US Naval Observatory CCD Astrograph Catalog (UCAC3)}",
      journal = {Astronomical Journal},
     keywords = {astrometry, catalogs, reference systems, stars: kinematics and dynamics, Astrophysics - Instrumentation and Methods for Astrophysics},
         year = "2010",
        month = "Jun",
       volume = {139},
       number = {6},
        pages = {2184-2199},
          doi = {10.1088/0004-6256/139/6/2184},
archivePrefix = {arXiv},
       eprint = {1003.2136},
 primaryClass = {astro-ph.IM},
       adsurl = {https://ui.adsabs.harvard.edu/abs/2010AJ....139.2184Z},
      adsnote = {Provided by the SAO/NASA Astrophysics Data System},
    language  = {english}
}

@ARTICLE{2010AJ....139.2440R,
       author = {{Roeser}, S. and {Demleitner}, M. and {Schilbach}, E.},
        title = "{The PPMXL Catalog of Positions and Proper Motions on the ICRS. Combining USNO-B1.0 and the Two Micron All Sky Survey (2MASS)}",
      journal = {Astronomical Journal},
     keywords = {astrometry, catalogs, Galaxy: kinematics and dynamics, proper motions, Astrophysics - Astrophysics of Galaxies, Astrophysics - Solar and Stellar Astrophysics},
         year = "2010",
        month = "Jun",
       volume = {139},
       number = {6},
        pages = {2440-2447},
          doi = {10.1088/0004-6256/139/6/2440},
archivePrefix = {arXiv},
       eprint = {1003.5852},
 primaryClass = {astro-ph.GA},
       adsurl = {https://ui.adsabs.harvard.edu/abs/2010AJ....139.2440R},
      adsnote = {Provided by the SAO/NASA Astrophysics Data System},
    language  = {english}
}

@ARTICLE{2015ApJS..219...12A,
       author = {{Alam}, Shadab and {Albareti}, Franco D. and {Allende Prieto}, Carlos and
         {Anders}, F. and {Anderson}, Scott F. and {Anderton}, Timothy and
         {Andrews}, Brett H. and {Armengaud}, Eric and {Aubourg}, {\'E}ric and
         {Bailey}, Stephen and {Basu}, Sarbani and {Bautista}, Julian E. and
         {Beaton}, Rachael L. and {Beers}, Timothy C. and {Bender}, Chad F. and
         {Berlind}, Andreas A. and {Beutler}, Florian and {Bhardwaj}, Vaishali and
         {Bird}, Jonathan C. and {Bizyaev}, Dmitry and {Blake}, Cullen H. and
         {Blanton}, Michael R. and {Blomqvist}, Michael and
         {Bochanski}, John J. and {Bolton}, Adam S. and {Bovy}, Jo and
         {Shelden Bradley}, A. and {Brandt}, W.~N. and {Brauer}, D.~E. and
         {Brinkmann}, J. and {Brown}, Peter J. and {Brownstein}, Joel R. and
         {Burden}, Angela and {Burtin}, Etienne and {Busca}, Nicol{\'a}s G. and
         {Cai}, Zheng and {Capozzi}, Diego and {Carnero Rosell}, Aurelio and
         {Carr}, Michael A. and {Carrera}, Ricardo and {Chambers}, K.~C. and
         {Chaplin}, William James and {Chen}, Yen-Chi and {Chiappini}, Cristina and
         {Chojnowski}, S. Drew and {Chuang}, Chia-Hsun and {Clerc}, Nicolas and
         {Comparat}, Johan and {Covey}, Kevin and {Croft}, Rupert A.~C. and
         {Cuesta}, Antonio J. and {Cunha}, Katia and {da Costa}, Luiz N. and
         {Da Rio}, Nicola and {Davenport}, James R.~A. and {Dawson}, Kyle S. and
         {De Lee}, Nathan and {Delubac}, Timoth{\'e}e and {Deshpande}, Rohit and
         {Dhital}, Saurav and {Dutra-Ferreira}, Let{\'\i}cia and {Dwelly}, Tom and
         {Ealet}, Anne and {Ebelke}, Garrett L. and {Edmondson}, Edward M. and
         {Eisenstein}, Daniel J. and {Ellsworth}, Tristan and
         {Elsworth}, Yvonne and {Epstein}, Courtney R. and {Eracleous}, Michael and
         {Escoffier}, Stephanie and {Esposito}, Massimiliano and
         {Evans}, Michael L. and {Fan}, Xiaohui and {Fern{\'a}ndez-Alvar}, Emma and
         {Feuillet}, Diane and {Filiz Ak}, Nurten and {Finley}, Hayley and
         {Finoguenov}, Alexis and {Flaherty}, Kevin and {Fleming}, Scott W. and
         {Font-Ribera}, Andreu and {Foster}, Jonathan and
         {Frinchaboy}, Peter M. and {Galbraith-Frew}, J.~G. and
         {Garc{\'\i}a}, Rafael A. and {Garc{\'\i}a-Hern{\'a}ndez}, D.~A. and
         {Garc{\'\i}a P{\'e}rez}, Ana E. and {Gaulme}, Patrick and {Ge}, Jian and
         {G{\'e}nova-Santos}, R. and {Georgakakis}, A. and {Ghezzi}, Luan and
         {Gillespie}, Bruce A. and {Girardi}, L{\'e}o and {Goddard}, Daniel and
         {Gontcho}, Satya Gontcho A. and {Gonz{\'a}lez Hern{\'a}ndez}, Jonay I. and
         {Grebel}, Eva K. and {Green}, Paul J. and {Grieb}, Jan Niklas and
         {Grieves}, Nolan and {Gunn}, James E. and {Guo}, Hong and
         {Harding}, Paul and {Hasselquist}, Sten and {Hawley}, Suzanne L. and
         {Hayden}, Michael and {Hearty}, Fred R. and {Hekker}, Saskia and
         {Ho}, Shirley and {Hogg}, David W. and {Holley-Bockelmann}, Kelly and
         {Holtzman}, Jon A. and {Honscheid}, Klaus and {Huber}, Daniel and
         {Huehnerhoff}, Joseph and {Ivans}, Inese I. and {Jiang}, Linhua and
         {Johnson}, Jennifer A. and {Kinemuchi}, Karen and {Kirkby}, David and
         {Kitaura}, Francisco and {Klaene}, Mark A. and {Knapp}, Gillian R. and
         {Kneib}, Jean-Paul and {Koenig}, Xavier P. and {Lam}, Charles R. and
         {Lan}, Ting-Wen and {Lang}, Dustin and {Laurent}, Pierre and
         {Le Goff}, Jean-Marc and {Leauthaud}, Alexie and {Lee}, Khee-Gan and
         {Lee}, Young Sun and {Licquia}, Timothy C. and {Liu}, Jian and
         {Long}, Daniel C. and {L{\'o}pez-Corredoira}, Mart{\'\i}n and
         {Lorenzo-Oliveira}, Diego and {Lucatello}, Sara and {Lundgren}, Britt and
         {Lupton}, Robert H. and {Mack}, Claude E., III and
         {Mahadevan}, Suvrath and {Maia}, Marcio A.~G. and
         {Majewski}, Steven R. and {Malanushenko}, Elena and
         {Malanushenko}, Viktor and {Manchado}, A. and {Manera}, Marc and
         {Mao}, Qingqing and {Maraston}, Claudia and {Marchwinski}, Robert C. and
         {Margala}, Daniel and {Martell}, Sarah L. and {Martig}, Marie and
         {Masters}, Karen L. and {Mathur}, Savita and {McBride}, Cameron K. and
         {McGehee}, Peregrine M. and {McGreer}, Ian D. and
         {McMahon}, Richard G. and {M{\'e}nard}, Brice and
         {Menzel}, Marie-Luise and {Merloni}, Andrea and
         {M{\'e}sz{\'a}ros}, Szabolcs and {Miller}, Adam A. and
         {Miralda-Escud{\'e}}, Jordi and {Miyatake}, Hironao and
         {Montero-Dorta}, Antonio D. and {More}, Surhud and {Morganson}, Eric and
         {Morice-Atkinson}, Xan and {Morrison}, Heather L. and
         {Mosser}, Ben{\^o}it and {Muna}, Demitri and {Myers}, Adam D. and {Nand
        ra}, Kirpal and {Newman}, Jeffrey A. and {Neyrinck}, Mark and
         {Nguyen}, Duy Cuong and {Nichol}, Robert C. and {Nidever}, David L. and
         {Noterdaeme}, Pasquier and {Nuza}, Sebasti{\'a}n E. and
         {O'Connell}, Julia E. and {O'Connell}, Robert W. and {O'Connell}, Ross and
         {Ogando}, Ricardo L.~C. and {Olmstead}, Matthew D. and
         {Oravetz}, Audrey E. and {Oravetz}, Daniel J. and {Osumi}, Keisuke and
         {Owen}, Russell and {Padgett}, Deborah L. and {Padmanabhan}, Nikhil and
         {Paegert}, Martin and {Palanque-Delabrouille}, Nathalie and
         {Pan}, Kaike and {Parejko}, John K. and {P{\^a}ris}, Isabelle and
         {Park}, Changbom and {Pattarakijwanich}, Petchara and
         {Pellejero-Ibanez}, M. and {Pepper}, Joshua and {Percival}, Will J. and
         {P{\'e}rez-Fournon}, Ismael and {á¹”rez-Ra`fols}, Ignasi and
         {Petitjean}, Patrick and {Pieri}, Matthew M. and
         {Pinsonneault}, Marc H. and {Porto de Mello}, Gustavo F. and
         {Prada}, Francisco and {Prakash}, Abhishek and
         {Price-Whelan}, Adrian M. and {Protopapas}, Pavlos and
         {Raddick}, M. Jordan and {Rahman}, Mubdi and {Reid}, Beth A. and
         {Rich}, James and {Rix}, Hans-Walter and {Robin}, Annie C. and
         {Rockosi}, Constance M. and {Rodrigues}, Tha{\'\i}se S. and
         {Rodr{\'\i}guez-Torres}, Sergio and {Roe}, Natalie A. and
         {Ross}, Ashley J. and {Ross}, Nicholas P. and {Rossi}, Graziano and
         {Ruan}, John J. and {Rubi{\~n}o-Mart{\'\i}n}, J.~A. and
         {Rykoff}, Eli S. and {Salazar-Albornoz}, Salvador and {Salvato}, Mara and
         {Samushia}, Lado and {S{\'a}nchez}, Ariel G. and
         {Santiago}, Bas{\'\i}lio and {Sayres}, Conor and
         {Schiavon}, Ricardo P. and {Schlegel}, David J. and
         {Schmidt}, Sarah J. and {Schneider}, Donald P. and
         {Schultheis}, Mathias and {Schwope}, Axel D. and {Sc{\'o}ccola}, C.~G. and
         {Scott}, Caroline and {Sellgren}, Kris and {Seo}, Hee-Jong and
         {Serenelli}, Aldo and {Shane}, Neville and {Shen}, Yue and
         {Shetrone}, Matthew and {Shu}, Yiping and {Silva Aguirre}, V. and
         {Sivarani}, Thirupathi and {Skrutskie}, M.~F. and {Slosar}, An{\v{z}}e and
         {Smith}, Verne V. and {Sobreira}, Fl{\'a}via and {Souto}, Diogo and
         {Stassun}, Keivan G. and {Steinmetz}, Matthias and {Stello}, Dennis and
         {Strauss}, Michael A. and {Streblyanska}, Alina and {Suzuki}, Nao and
         {Swanson}, Molly E.~C. and {Tan}, Jonathan C. and {Tayar}, Jamie and
         {Terrien}, Ryan C. and {Thakar}, Aniruddha R. and {Thomas}, Daniel and
         {Thomas}, Neil and {Thompson}, Benjamin A. and {Tinker}, Jeremy L. and
         {Tojeiro}, Rita and {Troup}, Nicholas W. and
         {Vargas-Maga{\~n}a}, Mariana and {Vazquez}, Jose A. and {Verde}, Licia and
         {Viel}, Matteo and {Vogt}, Nicole P. and {Wake}, David A. and
         {Wang}, Ji and {Weaver}, Benjamin A. and {Weinberg}, David H. and
         {Weiner}, Benjamin J. and {White}, Martin and {Wilson}, John C. and
         {Wisniewski}, John P. and {Wood-Vasey}, W.~M. and {Ye`che}, Christophe and
         {York}, Donald G. and {Zakamska}, Nadia L. and {Zamora}, O. and
         {Zasowski}, Gail and {Zehavi}, Idit and {Zhao}, Gong-Bo and
         {Zheng}, Zheng and {Zhou}, Xu and {Zhou}, Zhimin and {Zou}, Hu and
         {Zhu}, Guangtun},
        title = "{The Eleventh and Twelfth Data Releases of the Sloan Digital Sky Survey: Final Data from SDSS-III}",
      journal = {The Astrophysical Journal Supplement},
     keywords = {atlases, catalogs, surveys, Astrophysics - Instrumentation and Methods for Astrophysics, Astrophysics - Astrophysics of Galaxies, Astrophysics - Solar and Stellar Astrophysics},
         year = "2015",
        month = "Jul",
       volume = {219},
       number = {1},
          eid = {12},
        pages = {12},
          doi = {10.1088/0067-0049/219/1/12},
archivePrefix = {arXiv},
       eprint = {1501.00963},
 primaryClass = {astro-ph.IM},
       adsurl = {https://ui.adsabs.harvard.edu/abs/2015ApJS..219...12A},
      adsnote = {Provided by the SAO/NASA Astrophysics Data System},
    language  = {english}
}

@BOOK{2003tmc..book.....C,
       author = {{Cutri}, R.~M. and {Skrutskie}, M.~F. and {van Dyk}, S. and
         {Beichman}, C.~A. and {Carpenter}, J.~M. and {Chester}, T. and
         {Cambresy}, L. and {Evans}, T. and {Fowler}, J. and {Gizis}, J. and
         {Howard}, E. and {Huchra}, J. and {Jarrett}, T. and {Kopan}, E.~L. and
         {Kirkpatrick}, J.~D. and {Light}, R.~M. and {Marsh}, K.~A. and
         {McCallon}, H. and {Schneider}, S. and {Stiening}, R. and {Sykes}, M. and
         {Weinberg}, M. and {Wheaton}, W.~A. and {Wheelock}, S. and
         {Zacarias}, N.},
        title = "{2MASS All Sky Catalog of point sources.}",
         year = "2003",
       adsurl = {https://ui.adsabs.harvard.edu/abs/2003tmc..book.....C},
      adsnote = {Provided by the SAO/NASA Astrophysics Data System},
    language  = {english}
}

@ARTICLE{2010AJ....140.1868W,
       author = {{Wright}, Edward L. and {Eisenhardt}, Peter R.~M. and {Mainzer}, Amy K. and
         {Ressler}, Michael E. and {Cutri}, Roc M. and {Jarrett}, Thomas and
         {Kirkpatrick}, J. Davy and {Padgett}, Deborah and
         {McMillan}, Robert S. and {Skrutskie}, Michael and {Stanford}, S.~A. and
         {Cohen}, Martin and {Walker}, Russell G. and {Mather}, John C. and
         {Leisawitz}, David and {Gautier}, Thomas N., III and {McLean}, Ian and
         {Benford}, Dominic and {Lonsdale}, Carol J. and {Blain}, Andrew and
         {Mendez}, Bryan and {Irace}, William R. and {Duval}, Valerie and
         {Liu}, Fengchuan and {Royer}, Don and {Heinrichsen}, Ingolf and
         {Howard}, Joan and {Shannon}, Mark and {Kendall}, Martha and
         {Walsh}, Amy L. and {Larsen}, Mark and {Cardon}, Joel G. and
         {Schick}, Scott and {Schwalm}, Mark and {Abid}, Mohamed and
         {Fabinsky}, Beth and {Naes}, Larry and {Tsai}, Chao-Wei},
        title = "{The Wide-field Infrared Survey Explorer (WISE): Mission Description and Initial On-orbit Performance}",
      journal = {Astronomical Journal},
     keywords = {infrared: general, space vehicles, surveys, Astrophysics - Instrumentation and Methods for Astrophysics},
         year = "2010",
        month = "Dec",
       volume = {140},
       number = {6},
        pages = {1868-1881},
          doi = {10.1088/0004-6256/140/6/1868},
archivePrefix = {arXiv},
       eprint = {1008.0031},
 primaryClass = {astro-ph.IM},
       adsurl = {https://ui.adsabs.harvard.edu/abs/2010AJ....140.1868W},
      adsnote = {Provided by the SAO/NASA Astrophysics Data System},
    language  = {english}
}

@INPROCEEDINGS{1998asal.confE...3L,
       author = {{Lasker}, Barry M. and {Greene}, Gretchen R. and {Lattanzi}, Mario J. and
         {McLean}, Brian J. and {Volpicelli}, Antonio},
        title = "{DSS-II and GSC-II: STScI All-Sky Image and Catalog Databases}",
    booktitle = {Astrophysics and Algorithms},
         year = "1998",
        month = "Jan",
          eid = {3},
        pages = {3},
       adsurl = {https://ui.adsabs.harvard.edu/abs/1998asal.confE...3L},
      adsnote = {Provided by the SAO/NASA Astrophysics Data System},
    language  = {english}
}

@ARTICLE{2013AJ....145...44Z,
       author = {{Zacharias}, N. and {Finch}, C.~T. and {Girard}, T.~M. and {Henden}, A. and
         {Bartlett}, J.~L. and {Monet}, D.~G. and {Zacharias}, M.~I.},
        title = "{The Fourth US Naval Observatory CCD Astrograph Catalog (UCAC4)}",
      journal = {Astronomical Journal},
     keywords = {astrometry, catalogs, reference systems, stars: kinematics and dynamics, Astrophysics - Instrumentation and Methods for Astrophysics, Astrophysics - Astrophysics of Galaxies},
         year = "2013",
        month = "Feb",
       volume = {145},
       number = {2},
          eid = {44},
        pages = {44},
          doi = {10.1088/0004-6256/145/2/44},
archivePrefix = {arXiv},
       eprint = {1212.6182},
 primaryClass = {astro-ph.IM},
       adsurl = {https://ui.adsabs.harvard.edu/abs/2013AJ....145...44Z},
      adsnote = {Provided by the SAO/NASA Astrophysics Data System},
    language  = {english}
}

@ARTICLE{2000A&AS..143...23O,
       author = {{Ochsenbein}, F. and {Bauer}, P. and {Marcout}, J.},
        title = "{The VizieR database of astronomical catalogues}",
      journal = {Astronomy and Astrophysics Supplement},
     keywords = {ASTRONOMICAL DATA BASES: MISCELLANEOUS, CATALOGS, Astrophysics},
         year = "2000",
        month = "Apr",
       volume = {143},
        pages = {23-32},
          doi = {10.1051/aas:2000169},
archivePrefix = {arXiv},
       eprint = {astro-ph/0002122},
 primaryClass = {astro-ph},
       adsurl = {https://ui.adsabs.harvard.edu/abs/2000A&AS..143...23O},
      adsnote = {Provided by the SAO/NASA Astrophysics Data System},
    language  = {english}
}

@ARTICLE{2003A&A...409..523R,
       author = {{Robin}, A.~C. and {Reyl{\'e}}, C. and {Derri{\`e}re}, S. and
         {Picaud}, S.},
        title = "{A synthetic view on structure and evolution of the Milky Way}",
      journal = {Astron.Astrophys},
     keywords = {Galaxy: stellar content, Galaxy: general, Galaxy: evolution, Galaxy: kinematics and dynamics, Galaxy: structure},
         year = "2003",
        month = "Oct",
       volume = {409},
        pages = {523-540},
          doi = {10.1051/0004-6361:20031117},
       adsurl = {https://ui.adsabs.harvard.edu/abs/2003A&A...409..523R},
      adsnote = {Provided by the SAO/NASA Astrophysics Data System},
    language  = {english}
}

@ARTICLE{2014MNRAS.445.4287T,
       author = {{Tang}, Jing and {Bressan}, Alessandro and {Rosenfield}, Philip and
         {Slemer}, Alessandra and {Marigo}, Paola and {Girardi}, L{\'e}o and
         {Bianchi}, Luciana},
        title = "{New PARSEC evolutionary tracks of massive stars at low metallicity: testing canonical stellar evolution in nearby star-forming dwarf galaxies}",
      journal = {MNRAS},
     keywords = {stars: evolution, Hertzsprung-Russell and colour-magnitude diagrams, stars: interiors, stars: massive, Astrophysics - Solar and Stellar Astrophysics},
         year = "2014",
        month = "Dec",
       volume = {445},
       number = {4},
        pages = {4287-4305},
          doi = {10.1093/mnras/stu2029},
archivePrefix = {arXiv},
       eprint = {1410.1745},
 primaryClass = {astro-ph.SR},
       adsurl = {https://ui.adsabs.harvard.edu/abs/2014MNRAS.445.4287T},
      adsnote = {Provided by the SAO/NASA Astrophysics Data System},
    language  = {english}
}

@ARTICLE{2006AJ....132.1221H,
       author = {{Holberg}, J.~B. and {Bergeron}, Pierre},
        title = "{Calibration of Synthetic Photometry Using DA White Dwarfs}",
      journal = {Astronomical Journal},
     keywords = {Standards, Stars: Fundamental Parameters, Stars: Individual: Name: Vega, Techniques: Photometric, Stars: White Dwarfs},
         year = "2006",
        month = "Sep",
       volume = {132},
       number = {3},
        pages = {1221-1233},
          doi = {10.1086/505938},
       adsurl = {https://ui.adsabs.harvard.edu/abs/2006AJ....132.1221H},
      adsnote = {Provided by the SAO/NASA Astrophysics Data System},
    language  = {english}
}

@ARTICLE{2011ApJ...737...28B,
       author = {{Bergeron}, P. and {Wesemael}, F. and {Dufour}, Pierre and
         {Beauchamp}, A. and {Hunter}, C. and {Saffer}, Rex A. and
         {Gianninas}, A. and {Ruiz}, M.~T. and {Limoges}, M. -M. and
         {Dufour}, Patrick and {Fontaine}, G. and {Liebert}, James},
        title = "{A Comprehensive Spectroscopic Analysis of DB White Dwarfs}",
      journal = {Astrophysical Journal},
     keywords = {stars: abundances, stars: evolution, stars: fundamental parameters, stars: luminosity function, mass function, stars: oscillations, white dwarfs, Astrophysics - Solar and Stellar Astrophysics},
         year = "2011",
        month = "Aug",
       volume = {737},
       number = {1},
          eid = {28},
        pages = {28},
          doi = {10.1088/0004-637X/737/1/28},
archivePrefix = {arXiv},
       eprint = {1105.5433},
 primaryClass = {astro-ph.SR},
       adsurl = {https://ui.adsabs.harvard.edu/abs/2011ApJ...737...28B},
      adsnote = {Provided by the SAO/NASA Astrophysics Data System},
    language  = {english}
}

@ARTICLE{2006ApJ...651L.137K,
       author = {{Kowalski}, P.~M. and {Saumon}, D.},
        title = "{Found: The Missing Blue Opacity in Atmosphere Models of Cool Hydrogen White Dwarfs}",
      journal = {The Astrophysical Journal Letters},
     keywords = {Atomic Processes, Line: Profiles, Stars: Atmospheres, Stars: White Dwarfs, Astrophysics},
         year = "2006",
        month = "Nov",
       volume = {651},
       number = {2},
        pages = {L137-L140},
          doi = {10.1086/509723},
archivePrefix = {arXiv},
       eprint = {astro-ph/0609720},
 primaryClass = {astro-ph},
       adsurl = {https://ui.adsabs.harvard.edu/abs/2006ApJ...651L.137K},
      adsnote = {Provided by the SAO/NASA Astrophysics Data System},
    language  = {english}
}

@ARTICLE{2011ApJ...730..128T,
       author = {{Tremblay}, P. -E. and {Bergeron}, P. and {Gianninas}, A.},
        title = "{An Improved Spectroscopic Analysis of DA White Dwarfs from the Sloan Digital Sky Survey Data Release 4}",
      journal = {Astrophysical Journal},
     keywords = {stars: atmospheres, stars: fundamental parameters, stars: luminosity function, mass function, white dwarfs, Astrophysics - Solar and Stellar Astrophysics},
         year = "2011",
        month = "Apr",
       volume = {730},
       number = {2},
          eid = {128},
        pages = {128},
          doi = {10.1088/0004-637X/730/2/128},
archivePrefix = {arXiv},
       eprint = {1102.0056},
 primaryClass = {astro-ph.SR},
       adsurl = {https://ui.adsabs.harvard.edu/abs/2011ApJ...730..128T},
      adsnote = {Provided by the SAO/NASA Astrophysics Data System},
    language  = {english}
}

@ARTICLE{2017MNRAS.468.3499D,
       author = {{Deacon}, N.~R. and {Magnier}, E.~A. and {Best}, William M.~J. and
         {Liu}, Michael C. and {Dupuy}, T.~J. and {Chambers}, K.~C. and
         {Draper}, P.~W. and {Flewelling}, H. and {Metcalfe}, N. and
         {Tonry}, J.~L. and {Wainscoat}, R.~J. and {Waters}, C.},
        title = "{Identification of partially resolved binaries in Pan-STARRS 1 data}",
      journal = {MNRAS},
     keywords = {binaries: visual, brown dwarfs, Astrophysics - Solar and Stellar Astrophysics},
         year = "2017",
        month = "Jul",
       volume = {468},
       number = {3},
        pages = {3499-3515},
          doi = {10.1093/mnras/stx440},
archivePrefix = {arXiv},
       eprint = {1702.05491},
 primaryClass = {astro-ph.SR},
       adsurl = {https://ui.adsabs.harvard.edu/abs/2017MNRAS.468.3499D},
      adsnote = {Provided by the SAO/NASA Astrophysics Data System},
    language  = {english}
}

@ARTICLE{2017ApJS..233...25A,
       author = {{Albareti}, Franco D. and {Allende Prieto}, Carlos and
         {Almeida}, Andres and {Anders}, Friedrich and {Anderson}, Scott and
         {Andrews}, Brett H. and {Arag{\'o}n-Salamanca}, Alfonso and
         {Argudo-Fern{\'a}ndez}, Maria and {Armengaud}, Eric and
         {Aubourg}, Eric and {Avila-Reese}, Vladimir and {Badenes}, Carles and
         {Bailey}, Stephen and {Barbuy}, Beatriz and {Barger}, Kat and
         {Barrera-Ballesteros}, Jorge and {Bartosz}, Curtis and {Basu}, Sarbani and
         {Bates}, Dominic and {Battaglia}, Giuseppina and {Baumgarten}, Falk and
         {Baur}, Julien and {Bautista}, Julian and {Beers}, Timothy C. and
         {Belfiore}, Francesco and {Bershady}, Matthew and
         {Bertran de Lis}, Sara and {Bird}, Jonathan C. and {Bizyaev}, Dmitry and
         {Blanc}, Guillermo A. and {Blanton}, Michael and {Blomqvist}, Michael and
         {Bolton}, Adam S. and {Borissova}, J. and {Bovy}, Jo and {Brand
        t}, William Nielsen and {Brinkmann}, Jonathan and {Brownstein}, Joel R. and
         {Bundy}, Kevin and {Burtin}, Etienne and {Busca}, Nicol{\'a}s G. and
         {Orlando Camacho Chavez}, Hugo and {Cano D{\'\i}az}, M. and
         {Cappellari}, Michele and {Carrera}, Ricardo and {Chen}, Yanping and
         {Cherinka}, Brian and {Cheung}, Edmond and {Chiappini}, Cristina and
         {Chojnowski}, Drew and {Chuang}, Chia-Hsun and {Chung}, Haeun and
         {Cirolini}, Rafael Fernando and {Clerc}, Nicolas and {Cohen}, Roger E. and
         {Comerford}, Julia M. and {Comparat}, Johan and
         {Correa do Nascimento}, Janaina and {Cousinou}, Marie-Claude and
         {Covey}, Kevin and {Crane}, Jeffrey D. and {Croft}, Rupert and
         {Cunha}, Katia and {Darling}, Jeremy and {Davidson}, James W., Jr. and
         {Dawson}, Kyle and {Da Costa}, Luiz and {Da Silva Ilha}, Gabriele and
         {Deconto Machado}, Alice and {Delubac}, Timoth{\'e}e and
         {De Lee}, Nathan and {De la Macorra}, Axel and {De la Torre}, Sylvain and
         {Diamond-Stanic}, Aleksandar M. and {Donor}, John and
         {Downes}, Juan Jose and {Drory}, Niv and {Du}, Cheng and
         {Du Mas des Bourboux}, H{\'e}lion and {Dwelly}, Tom and
         {Ebelke}, Garrett and {Eigenbrot}, Arthur and {Eisenstein}, Daniel J. and
         {Elsworth}, Yvonne P. and {Emsellem}, Eric and {Eracleous}, Michael and
         {Escoffier}, Stephanie and {Evans}, Michael L. and
         {Falc{\'o}n-Barroso}, Jes{\'u}s and {Fan}, Xiaohui and
         {Favole}, Ginevra and {Fernandez-Alvar}, Emma and {Fernand
        ez-Trincado}, J.~G. and {Feuillet}, Diane and {Fleming}, Scott W. and
         {Font-Ribera}, Andreu and {Freischlad}, Gordon and {Frinchaboy}, Peter and
         {Fu}, Hai and {Gao}, Yang and {Garcia}, Rafael A. and
         {Garcia-Dias}, R. and {Garcia-Hern{\'a}ndez}, D.~A. and
         {Garcia P{\'e}rez}, Ana E. and {Gaulme}, Patrick and {Ge}, Junqiang and
         {Geisler}, Douglas and {Gillespie}, Bruce and {Gil Marin}, Hector and
         {Girardi}, L{\'e}o and {Goddard}, Daniel and
         {Gomez Maqueo Chew}, Yilen and {Gonzalez-Perez}, Violeta and
         {Grabowski}, Kathleen and {Green}, Paul and {Grier}, Catherine J. and
         {Grier}, Thomas and {Guo}, Hong and {Guy}, Julien and {Hagen}, Alex and
         {Hall}, Matt and {Harding}, Paul and {Harley}, R.~E. and
         {Hasselquist}, Sten and {Hawley}, Suzanne and {Hayes}, Christian R. and
         {Hearty}, Fred and {Hekker}, Saskia and {Hernandez Toledo}, Hector and
         {Ho}, Shirley and {Hogg}, David W. and {Holley-Bockelmann}, Kelly and
         {Holtzman}, Jon A. and {Holzer}, Parker H. and {Hu}, Jian and
         {Huber}, Daniel and {Hutchinson}, Timothy Alan and {Hwang}, Ho Seong and
         {Ibarra-Medel}, H{\'e}ctor J. and {Ivans}, Inese I. and
         {Ivory}, KeShawn and {Jaehnig}, Kurt and {Jensen}, Trey W. and
         {Johnson}, Jennifer A. and {Jones}, Amy and {Jullo}, Eric and
         {Kallinger}, T. and {Kinemuchi}, Karen and {Kirkby}, David and
         {Klaene}, Mark and {Kneib}, Jean-Paul and {Kollmeier}, Juna A. and
         {Lacerna}, Ivan and {Lane}, Richard R. and {Lang}, Dustin and
         {Laurent}, Pierre and {Law}, David R. and {Leauthaud}, Alexie and
         {Le Goff}, Jean-Marc and {Li}, Chen and {Li}, Cheng and {Li}, Niu and
         {Li}, Ran and {Liang}, Fu-Heng and {Liang}, Yu and {Lima}, Marcos and
         {Lin}, Lihwai and {Lin}, Lin and {Lin}, Yen-Ting and {Liu}, Chao and
         {Long}, Dan and {Lucatello}, Sara and {MacDonald}, Nicholas and
         {MacLeod}, Chelsea L. and {Mackereth}, J. Ted and {Mahadevan}, Suvrath and
         {Maia}, Marcio Antonio Geimba and {Maiolino}, Roberto and
         {Majewski}, Steven R. and {Malanushenko}, Olena and
         {Malanushenko}, Viktor and {Mallmann}, N{\'\i}colas Dullius and
         {Manchado}, Arturo and {Maraston}, Claudia and {Marques-Chaves}, Rui and
         {Martinez Valpuesta}, Inma and {Masters}, Karen L. and
         {Mathur}, Savita and {McGreer}, Ian D. and {Merloni}, Andrea and
         {Merrifield}, Michael R. and {M{\'e}sz{\'a}ros}, Szabolcs and
         {Meza}, Andres and {Miglio}, Andrea and {Minchev}, Ivan and
         {Molaverdikhani}, Karan and {Montero-Dorta}, Antonio D. and
         {Mosser}, Benoit and {Muna}, Demitri and {Myers}, Adam and
         {Nair}, Preethi and {Nandra}, Kirpal and {Ness}, Melissa and
         {Newman}, Jeffrey A. and {Nichol}, Robert C. and {Nidever}, David L. and
         {Nitschelm}, Christian and {O'Connell}, Julia and {Oravetz}, Audrey and
         {Oravetz}, Daniel J. and {Pace}, Zachary and {Padilla}, Nelson and
         {Palanque-Delabrouille}, Nathalie and {Pan}, Kaike and {Parejko}, John and
         {Paris}, Isabelle and {Park}, Changbom and {Peacock}, John A. and
         {Peirani}, Sebastien and {Pellejero-Ibanez}, Marcos and
         {Penny}, Samantha and {Percival}, Will J. and {Percival}, Jeffrey W. and
         {Perez-Fournon}, Ismael and {Petitjean}, Patrick and {Pieri}, Matthew and
         {Pinsonneault}, Marc H. and {Pisani}, Alice and {Prada}, Francisco and
         {Prakash}, Abhishek and {Price-Jones}, Natalie and
         {Raddick}, M. Jordan and {Rahman}, Mubdi and {Raichoor}, Anand and
         {Barboza Rembold}, Sandro and {Reyna}, A.~M. and {Rich}, James and
         {Richstein}, Hannah and {Ridl}, Jethro and {Riffel}, Rogemar A. and
         {Riffel}, Rog{\'e}rio and {Rix}, Hans-Walter and {Robin}, Annie C. and
         {Rockosi}, Constance M. and {Rodr{\'\i}guez-Torres}, Sergio and
         {Rodrigues}, Tha{\'\i}se S. and {Roe}, Natalie and {Roman Lopes}, A. and
         {Rom{\'a}n-Z{\'u}{\~n}iga}, Carlos and {Ross}, Ashley J. and
         {Rossi}, Graziano and {Ruan}, John and {Ruggeri}, Rossana and
         {Runnoe}, Jessie C. and {Salazar-Albornoz}, Salvador and
         {Salvato}, Mara and {Sanchez}, Sebastian F. and {Sanchez}, Ariel G. and
         {Sanchez-Gallego}, Jos{\'e} R. and {Santiago}, Bas{\'\i}lio Xavier and
         {Schiavon}, Ricardo and {Schimoia}, Jaderson S. and {Schlafly}, Eddie and
         {Schlegel}, David J. and {Schneider}, Donald P. and
         {Sch{\"o}nrich}, Ralph and {Schultheis}, Mathias and {Schwope}, Axel and
         {Seo}, Hee-Jong and {Serenelli}, Aldo and {Sesar}, Branimir and
         {Shao}, Zhengyi and {Shetrone}, Matthew and {Shull}, Michael and
         {Silva Aguirre}, Victor and {Skrutskie}, M.~F. and
         {Slosar}, An{\v{z}}e and {Smith}, Michael and {Smith}, Verne V. and
         {Sobeck}, Jennifer and {Somers}, Garrett and {Souto}, Diogo and
         {Stark}, David V. and {Stassun}, Keivan G. and {Steinmetz}, Matthias and
         {Stello}, Dennis and {Storchi Bergmann}, Thaisa and
         {Strauss}, Michael A. and {Streblyanska}, Alina and
         {Stringfellow}, Guy S. and {Suarez}, Genaro and {Sun}, Jing and
         {Taghizadeh-Popp}, Manuchehr and {Tang}, Baitian and {Tao}, Charling and
         {Tayar}, Jamie and {Tembe}, Mita and {Thomas}, Daniel and
         {Tinker}, Jeremy and {Tojeiro}, Rita and {Tremonti}, Christy and
         {Troup}, Nicholas and {Trump}, Jonathan R. and {Unda-Sanzana}, Eduardo and
         {Valenzuela}, O. and {Van den Bosch}, Remco and
         {Vargas-Maga{\~n}a}, Mariana and {Vazquez}, Jose Alberto and
         {Villanova}, Sandro and {Vivek}, M. and {Vogt}, Nicole and
         {Wake}, David and {Walterbos}, Rene and {Wang}, Yuting and
         {Wang}, Enci and {Weaver}, Benjamin Alan and {Weijmans}, Anne-Marie and
         {Weinberg}, David H. and {Westfall}, Kyle B. and {Whelan}, David G. and
         {Wilcots}, Eric and {Wild}, Vivienne and {Williams}, Rob A. and
         {Wilson}, John and {Wood-Vasey}, W.~M. and {Wylezalek}, Dominika and
         {Xiao}, Ting and {Yan}, Renbin and {Yang}, Meng and {Ybarra}, Jason E. and
         {Yeche}, Christophe and {Yuan}, Fang-Ting and {Zakamska}, Nadia and
         {Zamora}, Olga and {Zasowski}, Gail and {Zhang}, Kai and {Zhao}, Cheng and
         {Zhao}, Gong-Bo and {Zheng}, Zheng and {Zheng}, Zheng and
         {Zhou}, Zhi-Min and {Zhu}, Guangtun and {Zinn}, Joel C. and {Zou}, Hu},
        title = "{The 13th Data Release of the Sloan Digital Sky Survey: First Spectroscopic Data from the SDSS-IV Survey Mapping Nearby Galaxies at Apache Point Observatory}",
      journal = {The Astrophysical Journal Supplement},
     keywords = {atlases, catalogs, surveys, Astrophysics - Astrophysics of Galaxies},
         year = "2017",
        month = "Dec",
       volume = {233},
       number = {2},
          eid = {25},
        pages = {25},
          doi = {10.3847/1538-4365/aa8992},
archivePrefix = {arXiv},
       eprint = {1608.02013},
 primaryClass = {astro-ph.GA},
       adsurl = {https://ui.adsabs.harvard.edu/abs/2017ApJS..233...25A},
      adsnote = {Provided by the SAO/NASA Astrophysics Data System},
    language  = {english}
}

@ARTICLE{2004A&A...424..727P,
       author = {{Pourbaix}, D. and {Tokovinin}, A.~A. and {Batten}, A.~H. and
         {Fekel}, F.~C. and {Hartkopf}, W.~I. and {Levato}, H. and
         {Morrell}, N.~I. and {Torres}, G. and {Udry}, S.},
        title = "{S$_{B$^{9}$}$: The ninth catalogue of spectroscopic binary orbits}",
      journal = {Astron.Astrophys},
     keywords = {stars: binaries: spectroscopic, astronomical data bases: miscellaneous, catalogs, Astrophysics},
         year = "2004",
        month = "Sep",
       volume = {424},
        pages = {727-732},
          doi = {10.1051/0004-6361:20041213},
archivePrefix = {arXiv},
       eprint = {astro-ph/0406573},
 primaryClass = {astro-ph},
       adsurl = {https://ui.adsabs.harvard.edu/abs/2004A&A...424..727P},
      adsnote = {Provided by the SAO/NASA Astrophysics Data System},
    language  = {english}
}

@ARTICLE{2019AJ....157..216W,
       author = {{Winters}, Jennifer G. and {Henry}, Todd J. and {Jao}, Wei-Chun and
         {Subasavage}, John P. and {Chatelain}, Joseph P. and {Slatten}, Ken and
         {Riedel}, Adric R. and {Silverstein}, Michele L. and
         {Payne}, Matthew J.},
        title = "{The Solar Neighborhood. XLV. The Stellar Multiplicity Rate of M Dwarfs Within 25 pc}",
      journal = {Astronomical Journal},
     keywords = {binaries: general, solar neighborhood, stars: low-mass, stars: statistics, Astrophysics - Solar and Stellar Astrophysics},
         year = "2019",
        month = "Jun",
       volume = {157},
       number = {6},
          eid = {216},
        pages = {216},
          doi = {10.3847/1538-3881/ab05dc},
archivePrefix = {arXiv},
       eprint = {1901.06364},
 primaryClass = {astro-ph.SR},
       adsurl = {https://ui.adsabs.harvard.edu/abs/2019AJ....157..216W},
      adsnote = {Provided by the SAO/NASA Astrophysics Data System},
    language  = {english}
}

@ARTICLE{2001AJ....122.3466M,
       author = {{Mason}, Brian D. and {Wycoff}, Gary L. and {Hartkopf}, William I. and
         {Douglass}, Geoffrey G. and {Worley}, Charles E.},
        title = "{The 2001 US Naval Observatory Double Star CD-ROM. I. The Washington Double Star Catalog}",
      journal = {Astronomical Journal},
     keywords = {Stars: Binaries: General, Stars: Binaries: Visual, Catalogs},
         year = "2001",
        month = "Dec",
       volume = {122},
       number = {6},
        pages = {3466-3471},
          doi = {10.1086/323920},
       adsurl = {https://ui.adsabs.harvard.edu/abs/2001AJ....122.3466M},
      adsnote = {Provided by the SAO/NASA Astrophysics Data System},
    language  = {english}
}

